3846 6044
289 621 529 686 cumanam
549 625 587 684 1·r
608 623 661 686 ne
682 623 1174 690 vrum-namorurmucn
1193 607 1247 690 nn
1267 609 1420 692 nonin.
1500 634 1560 696 rus

143 756 326 828 Marcum
337 754 546 828 Gradonico
562 781 646 828 cum
664 783 683 854 7
704 756 811 852 galeis
831 759 869 828 in
885 760 1097 830 Romaniam
1111 760 1236 850 mittit,
1257 777 1309 851 et,
1327 763 1357 832 si
1374 764 1563 850 civitatem,

145 881 400 977 Negropontis
411 883 624 980 recuperare
638 884 875 980 contingeret,
891 883 992 956 illum
1002 885 1166 980 bajulum
1177 887 1373 958 constituit.
1384 891 1456 976 Qui
1470 914 1554 964 cum

145 1003 453 1076 dominatoribus
470 1005 730 1078 territoriarum
746 1006 999 1078 confederatus
1021 1008 1151 1080 urbem
1164 1008 1314 1080 viriliter
1327 1015 1555 1108 recuperavit

145 1141 190 1198 et
216 1127 339 1224 plures
371 1127 512 1200 nobiles
533 1129 735 1200 resistentes
755 1129 925 1227 captavit.
960 1131 1126 1228 Princeps
1153 1146 1274 1203 antem
1303 1132 1556 1208 vehementius

90 1249 94 1258 ’
148 1275 350 1343 accensus,
360 1277 445 1324 cum
458 1251 631 1326 Michaele
646 1253 834 1349 Paleologo
846 1253 1110 1349 colligatusest3
1128 1255 1174 1328 de
1187 1280 1263 1353 quo
1276 1282 1370 1355 papa
1384 1261 1554 1331 certiora-

146 1391 236 1466 tus,
272 1402 357 1449 eum
381 1380 527 1450 monuit
550 1395 592 1450 ut
623 1379 890 1476 colligationem
919 1380 1152 1470 dissolveret,
1185 1382 1346 1480 alioquin
1379 1386 1553 1484 episcopo

145 1499 342 1574 Mothonis
355 1503 560 1601 imponeret
574 1518 614 1574 ut
622 1505 819 1602 apostolica
831 1505 1045 1577 auctoritate
1057 1505 1103 1578 ad
1118 1505 1186 1578 hec
1200 1507 1422 1580 annullanda
1433 1509 1552 1607 ipsum

149 1623 404 1722 compelleret.
420 1656 438 1693 n

203 1747 353 1821 Sanudo
366 1748 376 1788 ¹
398 1749 575 1828 consume
588 1775 730 1850 parson
745 1751 966 1848 temoignage
982 1765 1074 1824 cette
1088 1751 1238 1824 creance
1248 1754 1429 1852 publique
1443 1783 1451 1824 ε

205 1880 264 1946 «E
282 1874 340 1946 del
363 1874 455 1948 1256
469 1877 508 1948 lu
526 1879 729 1976 ricuperata
747 1877 861 1950 l’isola
876 1878 915 1949 di
937 1883 1166 1978 Negroponte
1181 1879 1248 1950 che
1268 1905 1354 1952 avea
1370 1879 1550 1967 ribellato‚

145 2023 223 2098 per
238 2001 377 2072 Marino
390 2001 595 2098 Gradenigo
608 2007 775 2102 capitano
788 2003 925 2076 diserte
939 2003 1057 2100 galera
1070 2005 1108 2076 in
1125 2006 1310 2094 Romania,
1324 2004 1349 2075 il
1365 2004 1472 2100 quale
1485 2029 1551 2101 per

146 2149 272 2198 nome
289 2125 347 2196 del
368 2128 533 2200 dominio
547 2129 640 2202 resto
656 2130 705 2200 lvi
723 2129 833 2200 Bailo.
851 2160 868 2196 a

203 2255 269 2322 Ces
284 2252 504 2325 dissentione
515 2254 561 2325 de
578 2253 717 2326 l’anne'e
740 2252 830 2326 1255
851 2255 994 2324 avaient
1013 2278 1094 2325 sans
1113 2253 1227 2327 doute
1245 2253 1473 2326 contribueir
1493 2279 1550 2324 re-

145 2353 317 2448 lerer'les
331 2376 540 2474 espirances
558 2376 605 2448 de
617 2377 835 2476 l'empereur
850 2383 938 2448 lean
958 2382 1117 2467 Vataces‚
1134 2379 1198 2474 qui
1215 2376 1255 2448 fit
1268 2377 1333 2449 des
1345 2403 1550 2450 armemcns

149 2499 431 2572 conside'rables.
447 2506 494 2572 Le
517 2526 611 2600 pape
625 2501 820 2574 Alexandra
834 2525 879 2574 en
899 2501 953 2572 lut
967 2501 1097 2598 eilraye'
1112 2525 1208 2597 pour
1219 2501 1253 2572 le
1265 2516 1342 2574 sort
1359 2500 1452 2574 dela
1472 2507 1548 2573 Μο-

145 2621 226 2712 τέθ,
247 2638 284 2694 et
302 2623 327 2694 il
345 2623 483 2714 ecrivit,
505 2649 588 2698 sous
605 2625 640 2697 la
656 2625 739 2696 date
757 2623 803 2696 de
817 2623 958 2721 Naples,
979 2623 1081 2710 Ades
1098 2648 1239 2696 nonnes
1257 2624 1303 2694 dc
1318 2625 1474 2720 janvier,
1500 2639 1546 2694 ν’

145 2745 270 2818 anne'e
281 2746 327 2818 de
341 2771 409 2818 son
422 2750 613 2847 pontilicat
624 2747 685 2842 (an
705 2745 1179 2845 1255)a1’e'vequed’trgos
1194 2762 1230 2818 et
1244 2771 1313 2818 aux
1332 2761 1453 2818 autres
1465 2746 1547 2818 eve·

145 2895 242 2966 ques
255 2897 348 2969 pour
360 2873 522 2946 stimuler
537 2874 617 2945 leur
636 2871 708 2945 zele
725 2889 762 2945 et
777 2873 827 2944 les
849 2897 1002 2968 engager
1020 2871 1041 2942 a
1058 2871 1181 2944 reunir
1201 2887 1281 2942 tous
1305 2871 1402 2944 leurs
1421 2873 1548 2944 ellorts

144 3019 248 3092 pour
257 2995 291 3070 la
307 2995 451 3072 defense
464 2999 516 3070 du
532 2996 787 3097 Peloponneso.

197 3150 215 3184 a
240 3171 365 3192 ......
390 3123 631 3196 Intelleximus
644 3123 746 3221 quod
761 3123 892 3198 Achaie
906 3140 942 3195 et
954 3128 1075 3194 Moree
1094 3124 1258 3218 regiones
1273 3137 1372 3196 tante
1387 3125 1541 3194 necessi·

145 3245 232 3316 tatis
255 3245 405 3319 articulo
418 3246 660 3345 [coarctantur
679 3246 796 3344 quod,
812 3247 881 3318 nisi
900 3249 950 3319 eis
962 3270 1028 3343 per
1051 3246 1212 3342 ejusdem
1235 3245 1328 3318 sedis
1343 3245 1546 3343 providen-

144 3367 241 3438 tiam
258 3369 418 3442 celeriter
433 3386 677 3460 succurratur,
693 3371 857 3466 graviora
877 3371 927 3441 eis
945 3384 1118 3467 poterunt
1132 3367 1295 3466 pericula
1314 3370 1544 3458 imminere²3

141 3506 299 3590 propter
314 3495 415 3591 quod
425 3495 529 3568 decet
542 3511 578 3567 et
592 3495 736 3592 expedit
749 3510 789 3566 ut
801 3496 897 3566 circa
911 3494 1102 3588 regionum
1120 3493 1282 3590 ipsarum
1300 3507 1432 3563 statum
1446 3492 1544 3564 solli·

143 3612 219 3690 cite
228 3616 425 3712 vigilemus,
434 3617 481 3690 ad
489 3617 698 3691 earumdem
705 3619 974 3689 munimentum
985 3615 1179 3686 efficaciter
1188 3612 1425 3686 intendendo.
1439 3614 1543 3686 ldeb-

145 3763 224 3836 que
245 3740 458 3814 Discretioni
482 3747 604 3815 Vestra
628 3767 694 3840 per
718 3741 915 3840 apostolica
941 3741 1074 3836 scripta
1101 3737 1333 3825 mandamus,
1364 3737 1544 3836 quatenus

143 3864 335 3937 universos
352 3864 643 3964 archiepiscopos
663 3881 699 3938 et
708 3865 915 3963 episcopos,
931 3888 976 3934 ac
995 3861 1084 3934 alios
1109 3861 1342 3934 ecclesiarum
1363 3860 1542 3959 prelatos,

141 4015 214 4062 nec
229 4014 303 4064 non
327 4007 582 4090 procuratores
599 3991 860 4064 cathedralium
881 3989 1113 4064 ecclesiarum
1129 3989 1336 4060 vacantium
1353 4003 1388 4060 et
1405 4003 1543 4060 ceteros

141 4113 294 4186 clericos
312 4115 562 4208 beneficiatos,
586 4142 653 4188 nec
680 4140 756 4187 non
775 4139 901 4188 omnes
921 4115 1103 4210 religiosos
1127 4111 1199 4184 tarn
1221 4128 1406 4210 exemptos
1429 4111 1540 4210 quim

141 4265 223 4312 non
244 4258 427 4339 exemptos
447 4243 634 4340 regionum
657 4243 835 4342 ipsorum,
855 4241 1035 4312 moneatis
1057 4235 1192 4310 attente
1212 4253 1248 4310 et
1268 4239 1460 4311 efficaciter
1482 4239 1539 4308 in·

139 4366 283 4438 ducatis
301 4381 342 4438 ut
360 4365 513 4465 provide
533 4365 757 4438 attendentes
780 4363 881 4462 quod
900 4362 1111 4460 hujusmodi
1134 4363 1319 4458 negotium
1337 4359 1539 4459 specialiter

139 4493 241 4590 ipsos
251 4494 376 4588 tangit,
393 4492 477 4565 cum
492 4494 697 4566 communis
709 4494 755 4570 sit
770 4491 854 4592 ipsis
868 4504 904 4562 et
915 4489 992 4563 aliis
1007 4504 1043 4562 et
1057 4489 1277 4586 prosperitas
1290 4502 1326 4558 et
1341 4485 1538 4556 adversitas

140 4617 179 4688 in
196 4616 267 4689 hac
278 4633 401 4716 parte,
420 4617 495 4702 tim
506 4645 571 4718 per
588 4645 625 4692 se
643 4619 754 4716 quam
776 4643 843 4718 per
861 4631 1011 4690 cunctos
1027 4641 1111 4690 suos
1131 4615 1313 4706 subditos,
1335 4611 1484 4682 clericos
1502 4623 1539 4680 et

137 4740 263 4829 hicce,
278 4741 326 4814 ad
339 4741 521 4815 dictarum
535 4745 725 4839 regionum
738 4742 1051 4814 conservationem
1073 4736 1244 4810 adversus
1254 4735 1401 4808 hostiles
1421 4733 1536 4806 insul-

141 4883 200 4939 tus
222 4882 257 4938 et
278 4869 567 4966 impugnationes
596 4867 756 4940 hostium
778 4867 1029 4940 communium
1047 4863 1234 4954 violentas,
1252 4862 1346 4936 sicut
1359 4861 1442 4936 latci
1463 4861 1537 4942 tam

175 5071 278 5122 'Marta
290 5071 412 5131 maudo,
428 5072 460 5126 V
457 5074 494 5124 tte
505 5074 542 5125 αι’
555 5073 630 5125 duell
644 5073 672 5124 n·
686 5071 815 5132 Venetia,
890 5069 900 5100 ¹
912 5069 1022 5130 ainaldi,
1033 5083 1057 5131 p.
1072 5070 1127 5128 5l2,
1139 5082 1172 5121 an
1189 5070 1257 5120 nat.

140 5171 205 5222 page
216 5162 277 5224 ata;
290 5162 420 5222 Muratorl,
433 5165 510 5221 xllss.
