3914 6046
405 597 445 656 se
481 605 485 612 ·
631 570 998 654 nctnncrssnnrnns
1020 590 1099 656 snn
1120 577 1169 654 n
1191 574 1335 654 nonne
1355 591 1589 678 rntncnsr.

452 724 543 796 C'est
563 720 584 794 ὲ
602 721 743 795 insuite
761 721 807 794 de
825 738 882 796 cet
900 739 979 795 acte
1001 721 1114 820 qu’on
1132 737 1198 821 put
1213 721 1390 821 procedet·
1403 746 1472 794 anx
1491 745 1746 817 arrangemens
1765 722 1811 793 de

404 850 574 945 maringe.
593 847 621 918 11
639 873 698 920 me
710 847 864 920 suffitde
877 847 1021 920 donner
1034 848 1080 919 ici
1096 871 1137 920 ce
1150 849 1215 945 qu'i
1228 871 1410 920 concerne
1422 845 1676 944 l’imperatrice
1687 846 1814 918 Cathe-

406 977 486 1048 rine
507 975 554 1046 de
576 972 710 1046 Velois.
734 974 836 1046 Voici
853 972 957 1046 l’ecte
977 974 1042 1070 qni
1064 972 1119 1044 sut
1139 972 1259 1044 dresse
1281 971 1302 1044 t
1327 971 1621 1060 Fonteinebleau,
1650 997 1696 1044 au
1719 974 1813 1046 rnois

405 1099 452 1172 de
471 1097 591 1195 juillet
612 1097 658 1170 de
679 1097 821 1170 l’ennde
845 1096 936 1170 1313
960 1121 1005 1168 en
1034 1095 1208 1195 presence
1234 1096 1286 1169 du
1309 1097 1365 1168 roi
1392 1095 1689 1194 philippe-tenet
1709 1095 1813 1189 etde

404 1222 552 1298 Charles
572 1220 618 1294 de
632 1221 772 1312 Valois,
788 1219 875 1320 pere
894 1217 940 1292 de
956 1219 1169 1312 Catherine,
1182 1245 1229 1292 au
1252 1220 1348 1317 sujet
1363 1219 1409 1293 de
1426 1220 1462 1292 la
1479 1220 1733 1294 renoncintion
1750 1215 1814 1296 des

405 1347 520 1422 droits
532 1347 579 1420 de
594 1344 786 1436 catherine
806 1345 826 1418 it
847 1345 1033 1442 l-’he‘ritage
1046 1345 1093 1418 de
1111 1372 1149 1418 sa
1169 1343 1282 1436 mere,
1303 1345 1495 1419 Catherine
1512 1345 1558 1418 de
1576 1349 1786 1419 Courtenei.

392 1554 395 1564 Ι
456 1502 474 1538 ιι
496 1471 678 1570 Philippe,
701 1497 768 1570 par
793 1468 953 1567 legnice
979 1469 1025 1542 de
1048 1471 1139 1544 Dieu
1166 1495 1248 1568 roys
1269 1469 1315 1542 de
1341 1473 1477 1542 Frence
1492 1465 1514 1560 ¹,
1536 1471 1654 1544 savoir
1682 1470 1815 1542 saisons

378 1569 427 1689 ‘it
452 1611 531 1668 tous
554 1620 701 1694 presens
723 1609 758 1666 et
783 1593 804 1665 ir
833 1595 937 1667 venir
962 1619 1049 1692 que,
1073 1619 1118 1666 en
1140 1610 1262 1666 nostre
1283 1618 1474 1692 presence,
1499 1619 1596 1693 pour
1623 1619 1664 1666 ce
1689 1618 1815 1694 perso·

407 1719 568 1796 nelment
590 1719 756 1810 estable,
775 1734 898 1792 nostre
912 1717 1035 1794 ‘chiere
1056 1735 1092 1792 et
1111 1719 1213 1792 eme‘e
1233 1721 1383 1792 consine
1396 1719 1576 1810 iehanne,
1594 1745 1678 1792 seur
1691 1735 1816 1794 nostre

406 1827 508 1921 chier
522 1861 557 1919 et
575 1845 642 1918 seel
659 1845 785 1918 cousin
805 1849 952 1940 Hngue,
976 1843 1049 1919 duc
1062 1844 1107 1916 de
1127 1845 1367 1942 Bourgoigne,
1383 1843 1429 1916 de
1445 1869 1483 1916 sn
1497 1868 1631 1944 propre
1644 1843 1814 1931 solunte,

406 1997 488 2046 sans
504 1973 726 2062 contreinte,
745 1996 826 2044 sans
844 1969 971 2042 fraude
988 1986 1025 2042 et
1041 1995 1124 2042 sans
1142 1971 1350 2071 deception,
1369 1986 1484 2044 estant
1502 1996 1547 2044 en
1567 1995 1651 2068 ange
1667 1968 1761 2067 loyel
1779 1986 1816 2042 et

407 2096 453 2171 de
465 2096 661 2170 discretion
672 2149 682 2186 ‚
695 2120 791 2196 pour
805 2120 873 2169 son
893 2095 1039 2168 evident
1052 2095 1181 2194 profit,
1195 2095 1241 2170 de
1255 2113 1376 2170 nostre
1390 2112 1663 2170 consentement
1676 2113 1713 2168 et
1727 2121 1816 2170 auc·
1854 2175 1858 2184 ,

407 2221 531 2313 torite,
545 2237 580 2294 et
598 2220 644 2294 de
662 2219 697 2294 le
714 2219 864 2294 voiunte
881 2237 916 2294 et
928 2221 978 2294 dn
993 2237 1269 2294 consentement
1281 2237 1403 2294 nostre
1419 2221 1541 2294 chiere
1554 2236 1590 2293 et
1601 2220 1703 2294 emtie
1719 2235 1817 2292 tante

407 2345 537 2443 Agnes,
558 2346 733 2420 duchesse
750 2348 796 2420 de
818 2349 1062 2445 Bourgoigne,
1077 2371 1176 2420 mere
1196 2347 1336 2420 d'icelle
1354 2348 1517 2422 iehanne
1539 2365 1575 2419 et
1598 2347 1705 2419 dudit
1724 2346 1817 2434 duc,

410 2471 646 2544 considerans
666 2486 701 2543 et
718 2471 930 2561 attendens,
950 2473 980 2544 si
1000 2497 1144 2544 comme
1161 2471 1229 2544 elle
1243 2473 1352 2544 disoit
1368 2499 1375 2542 :
1390 2497 1463 2570 que
1481 2497 1623 2544 comme
1643 2472 1819 2568 mariages

408 2595 480 2668 fust
498 2594 632 2669 traities
650 2610 686 2668 et
696 2593 910 2694 pourparles
925 2611 1027 2670 entre
1046 2594 1135 2668 ledit
1150 2595 1271 2670 ducet
1288 2611 1411 2668 nostre
1424 2595 1547 2668 ehiere
1564 2597 1667 2670 niece
1684 2595 1817 2668 Knthe·

409 2723 488 2794 rine
504 2723 699 2820 empereris
717 2720 764 2794 de
780 2720 1095 2812 Constantinoble,
1112 2745 1150 2794 se
1165 2721 1191 2794 li
1209 2720 1266 2794 dis
1283 2722 1358 2794 dux
1372 2747 1409 2793 se
1424 2720 1565 2794 vonloit
1585 2721 1747 2820 departir
1764 2719 1817 2792 du

408 2845 541 2918 traittie
559 2860 596 2918 et
614 2845 679 2930 des
697 2870 947 2920 convenences
969 2845 1016 2920 de
1037 2846 1091 2919 dit
1111 2848 1286 2944 maringe,
1313 2846 1415 2920 faites
1436 2861 1538 2920 entre
1554 2847 1672 2943 ycelui
1691 2846 1820 2919 ducet

407 2967 443 3042 le
462 2969 537 3042 dite
556 2968 764 3061 Katherine,
777 2985 814 3042 et
829 2971 1015 3042 consentir
1029 2995 1075 3042 au
1090 2973 1246 3067 mariage
1262 2969 1380 3044 dudit
1397 2971 1524 3070 prince
1540 2986 1576 3042 et
1593 2969 1733 3044 d’iceile
1746 2974 1818 3044 Ka·

408 3073 571 3186 therine3
587 3109 624 3166 et
633 3093 666 3166 le
679 3093 734 3166 dit
744 3094 832 3182 duc,
850 3093 896 3166 de
909 3093 1112 3168 l’auctoritt
1128 3111 1251 3168 nostre
1264 3094 1399 3168 devant
1412 3095 1467 3166 dit
1482 3091 1553 3166 tres
1570 3095 1664 3167 saint
1681 3119 1767 3193 pere
1785 3093 1820 3166 le

408 3244 503 3318 pape
517 3233 552 3290 et
568 3218 614 3291 de
629 3235 750 3292 nostre
767 3218 914 3292 voluntd
934 3235 970 3290 et
983 3235 1279 3311 consentement,
1300 3246 1337 3293 sc
1356 3222 1426 3292 soit
1449 3220 1609 3318 departis
1634 3236 1670 3292 et
1692 3222 1742 3294 ait
1760 3246 1819 3292 rea

410 3341 542 3416 noncie
565 3367 610 3415 au
634 3341 766 3415 treittie
793 3358 828 3416 et
854 3367 1105 3416 convenanees
1123 3343 1246 3417 dessus
1267 3344 1374 3435 dites;
1398 3369 1439 3416 ce
1457 3343 1612 3418 necorde
1631 3369 1676 3419 en
1696 3360 1819 3416 nostre

408 3493 598 3568 presence,
619 3493 664 3540 en
687 3483 761 3540 cest
777 3468 1030 3566 departement
1048 3484 1084 3541 et
1098 3470 1349 3541 renonciation
1368 3497 1375 3540 :
1396 3494 1468 3566 que
1489 3468 1524 3541 la
1543 3467 1618 3541 dite
1632 3467 1816 3559 tehanne,

409 3617 532 3666 sereur
546 3593 665 3667 dudit
682 3592 773 3684 duc,
790 3619 878 3668 aura
895 3611 996 3668 toute
1010 3595 1044 3668 ln
1057 3611 1151 3668 terre
1167 3612 1203 3668 et
1216 3612 1296 3668 tout
1311 3595 1483 3692 l’eritnige
1501 3598 1564 3693 qui
1581 3595 1704 3666 iurent
1718 3619 1760 3690 ca
1772 3619 1819 3665 en

410 3718 569 3793 derriere
584 3720 631 3792 de
651 3721 864 3812 Katherine‚
882 3723 976 3819 jadis
995 3723 1191 3820 empereris
1206 3723 1254 3794 de
1270 3721 1589 3814 Constantinohle‚
1606 3746 1704 3794 mere
1717 3721 1764 3793 de
1786 3721 1820 3792 ia

410 3842 486 3914 dite
500 3843 715 3935 Katherine,
731 3862 852 3917 nostre
869 3847 987 3938 nicee,
1002 3846 1103 3918 selon
1125 3871 1166 3918 ce
1185 3871 1256 3944 que
1275 3846 1299 3918 it
1313 3862 1480 3919 conterre
1495 3845 1577 3945 plus
1596 3845 1819 3946 pleinement

412 3991 457 4039 en
479 3993 569 4040 unes
588 3967 707 4042 lettres
724 3971 824 4044 faites
842 3997 904 4042 sur
923 3997 964 4044 ce
978 3986 1015 4043 et
1027 3997 1090 4042 sur
1107 3971 1139 4043 le
1159 3970 1291 4043 trnittie
1307 3972 1357 4044 du
1376 3973 1532 4069 mariage
1546 3971 1609 4044 init
1622 3987 1654 4044 et
1666 3969 1820 4044 necorde

413 4108 516 4164 entre
530 4109 652 4166 nostre
667 4095 768 4168 chier
786 4121 901 4168 neveu
920 4095 1098 4195 Philippo,
1114 4097 1255 4170 ains-nt
1271 4097 1326 4170 fils
1337 4097 1483 4187 Clrarle,
1503 4113 1625 4170 nostre
1638 4095 1708 4168 tres
1719 4096 1821 4169 chier

414 4217 526 4308 frere,
545 4235 664 4292 comte
675 4220 721 4292 de
732 4221 875 4318 Veloys,
890 4237 926 4293 et
938 4221 984 4320 ly.
1000 4227 1100 4295 Dont
1114 4222 1147 4293 la
1159 4223 1232 4295 dite
1241 4228 1260 4296 J
1263 4223 1406 4295 ehenne
1418 4246 1663 4321 nppercevnns
1677 4237 1713 4294 et
1728 4245 1819 4293 con·

412 4342 574 4415 sidereus
584 4343 618 4414 le
630 4359 736 4440 grant
749 4345 861 4442 profit
875 4347 938 4443 qni
954 4345 980 4417 li
995 4361 1047 4418 est
1060 4371 1174 4420 venus
1186 4373 1253 4446 par
1269 4347 1302 4420 le
1321 4347 1375 4418 dit
1390 4347 1462 4418 duc
1476 4372 1541 4418 son
1562 4346 1664 4436 frere,
1678 4361 1714 4418 et
1729 4324 1821 4443 qn'il

413 4471 515 4568 quite
528 4495 586 4542 ces
597 4468 994 4559 choses‚meismement
1005 4472 1037 4544 le
1048 4473 1147 4545 droit
1161 4473 1246 4570 qu’il
1259 4474 1357 4545 avoit
1370 4497 1414 4543 en
1431 4473 1463 4544 la
1475 4472 1550 4545 dite
1560 4473 1768 4571 empereris,
1784 4485 1821 4543 et

413 4621 510 4694 pour
523 4621 564 4668 ce
579 4596 704 4668 volans
717 4621 763 4668 en
779 4598 833 4670 dit
852 4599 924 4671 duc
940 4624 1007 4670 son
1026 4599 1118 4671 irere
1139 4599 1271 4670 rendre
1286 4595 1368 4669 telle
1387 4600 1657 4671 remuneration
1677 4618 1821 4672 comme

415 4717 482 4790 elie
500 4735 609 4816 puet,
629 4721 777 4794 delaisse
797 4735 833 4793 et
850 4722 998 4820 quitteir
1015 4724 1180 4819 toujours
1197 4721 1331 4811 maisit
1348 4720 1465 4820 ycelui
1482 4721 1554 4796 duc
1568 4709 1606 4796 'et
1620 4722 1639 4796 ir
1651 4748 1705 4795 ses
1720 4722 1822 4794 hoirs

414 4857 449 4914 et
465 4839 487 4912 t
503 4865 590 4914 ceux
605 4845 669 4940 qui
687 4861 822 4918 auront
835 4871 942 4920 cause
955 4847 1002 4917 de
1022 4846 1091 4934 lui,
1111 4861 1191 4918 tout
1207 4845 1240 4918 ie
1257 4846 1355 4918 droit
1368 4871 1441 4942 que
1459 4847 1525 4919 elle
1538 4873 1558 4920 a
1570 4862 1606 4919 et
1620 4847 1822 4946 puetevoir

447 5124 455 5154 ¹
474 5127 502 5172 v.
516 5126 636 5182 Archives
644 5130 678 5180 dn
686 5105 819 5193 minine,
830 5134 856 5180 1.
868 5135 928 5189 tto,
942 5143 972 5182 n·
986 5136 1027 5190 to,
1038 5137 1063 5184 et
1077 5133 1101 5183 te
1116 5137 1123 5196 Ι
1143 5143 1174 5184 n⁰
1185 5135 1216 5184 rt
1230 5135 1257 5182 F.
1270 5133 1385 5184 Brtenne
1396 5129 1411 5182 1
1422 5131 1447 5182 11
1459 5127 1637 5193 bibliotheque
1648 5128 1742 5192 rorate.
