3914 6046
692 567 1036 660 'turnonucnou
1530 601 1570 663 ss
1676 631 1679 640 ι

172 723 247 796 tam
267 736 392 796 nostro
413 722 524 821 quim
546 726 708 823 ipsorum
731 743 937 798 nostrorum
962 716 1138 800 heredum
1159 730 1320 820 nomine,
1332 755 1401 824 per
1418 745 1572 803 vestrum

170 849 346 921 amatum
356 849 616 946 presentialiter
632 851 810 942 investitis,
824 852 1065 923 concedentes
1078 851 1202 944 nobis,
1216 851 1424 950 eisdemque
1442 857 1573 926 nostris

172 971 372 1045 heredibus
396 972 541 1070 plenam
568 971 750 1045 licentiam
773 989 809 1046 et
833 973 985 1046 liberam
1009 975 1215 1048 facultatem
1238 977 1417 1066 intrandi,
1441 1003 1572 1076 appre-

170 1095 348 1186 hedendi,
368 1113 405 1168 et
427 1096 572 1169 tenendi
589 1099 851 1195 possessionem
871 1100 1033 1198 ipsorum
1051 1101 1217 1172 omnium
1231 1115 1268 1172 ct
1285 1101 1513 1198 singulorum
1534 1104 1571 1174 in

171 1220 318 1292 casibus
334 1219 500 1318 superius
518 1220 723 1313 declaratis,
744 1247 787 1293 ao
806 1223 843 1293 in
864 1221 999 1295 eisdem
1016 1223 1160 1295 casibus
1183 1222 1230 1295 de
1251 1223 1319 1296 illis
1335 1225 1509 1322 tanquam
1525 1226 1571 1297 d'e

173 1345 360 1440 acquisitis
376 1343 483 1416 nobis
497 1342 652 1442 legitime
670 1344 888 1444 disponendi
902 1371 970 1444 pro
984 1362 1106 1419 nostre
1119 1347 1271 1420 arbitrio
1284 1348 1493 1421 voluntatis.
1513 1350 1572 1422 Ob

175 1469 377 1568 predictam
404 1494 553 1568 quoque
583 1469 744 1541 habendi
773 1469 795 1542 a
823 1470 950 1562 nobis,
979 1472 1186 1569 eisdemque
1214 1474 1346 1544 nostris
1376 1473 1572 1546 heredibus

178 1593 346 1688 adjutorii
370 1577 534 1687 causam,
549 1595 675 1686 vultis,
697 1597 906 1668 consentitis
929 1612 964 1668 et
986 1595 1149 1695 expresse
1171 1597 1371 1670 conceditis
1391 1598 1491 1695 quod
1511 1625 1519 1668 :
1543 1600 1573 1670 si

175 1743 238 1788 vos
258 1733 294 1790 et
313 1717 540 1816 Philippum,
562 1717 813 1790 charissimum
835 1717 950 1790 lilium
970 1735 1147 1811 vestrum,
1174 1746 1236 1792 seu
1261 1721 1350 1792 alios
1370 1719 1392 1793 h
1415 1721 1518 1793 vobis
1538 1737 1573 1793 et

169 1841 304 1912 eodem
318 1840 486 1940 Philippo
500 1867 566 1939 per
579 1856 714 1912 rectam
731 1840 864 1912 lineam
881 1841 1152 1932 descendentes,
1167 1841 1303 1939 absque
1321 1843 1421 1939 justo
1437 1859 1473 1914 et
1489 1844 1573 1941 legi-

169 1969 267 2038 timo
290 1965 423 2037 herede
445 1966 491 2038 de
516 1967 667 2065 proprio
687 1990 841 2064 corpore
863 1965 982 2064 (quod
1006 1965 1138 2063 absitl)
1160 1967 1253 2037 mori
1273 1967 1478 2064 contingat,
1497 1993 1572 2039 me·

169 2108 356 2163 moratum
375 2092 569 2190 imperium
585 2118 669 2163 cum
683 2065 855 2164 omatibus
873 2091 1096 2182 honoribus,
1112 2091 1366 2188 dignitatibus,
1381 2091 1572 2181 demaniis,

170 2216 305 2306 leudis,
320 2216 649 2311 jurisdictionibus,
665 2216 810 2312 juribus
823 2231 858 2288 et
880 2217 1106 2314 pertinentiis
1124 2218 1198 2288 suis
1217 2215 1262 2288 ad
1277 2229 1574 2314 nosnostrosque

170 2341 209 2412 in
230 2365 345 2436 regno
368 2339 487 2412 Sicilie
503 2338 652 2412 heredes
678 2335 837 2438 plenarie
856 2338 1096 2411 devolvatur:
1120 2355 1155 2412 et
1176 2340 1214 2410 in
1239 2339 1342 2410 illum
1362 2363 1487 2412 casum
1505 2339 1587 2412 im·-

171 2465 315 2563 perinm
338 2465 457 2561 ipsum
475 2488 634 2535 exnunc
656 2463 761 2535 nobis
778 2461 987 2559 eisdemque
1002 2463 1133 2536 nostris
1151 2461 1345 2534 heredibus
1363 2463 1412 2535 ob
1428 2463 1571 2561 predic·

175 2603 228 2659 tas
238 2613 366 2659 causas
383 2586 524 2676 ceditis,
539 2588 645 2676 datis
665 2586 863 2659 conceditis
874 2602 909 2658 et
921 2587 1073 2675 donatis,
1089 2585 1206 2678 nobis,
1220 2585 1427 2684 eisdemque
1441 2589 1573 2659 nostris

173 2709 383 2799 heredibus,
411 2710 584 2799 intrandi,
609 2709 836 2815 acquirendi,
862 2706 1022 2780 habendi
1048 2723 1085 2780 et
1109 2707 1290 2781 retinendi
1311 2709 1572 2806 possessionem

175 2837 283 2934 ipsius
303 2835 450 2932 imperii
469 2858 511 2907 ac
535 2835 700 2905 omnium
718 2835 1021 2932 pertinentiarum
1042 2835 1171 2930 ipsiuS,
1196 2832 1378 2906 licentiam
1401 2849 1437 2905 et
1456 2833 1568 2904 lacul-

181 2973 279 3030 tatem
310 2957 466 3033 similem
493 2956 747 3029 concedentes.
775 2937 821 3028 'Ut
840 2971 962 3028 autem
987 2956 1033 3038 ad
1059 2957 1171 3054 ipsius
1197 2957 1509 3055 recuperationem
1537 2973 1573 3028 et

182 3085 453 3180 acquisitionem
475 3082 616 3180 imperii
639 3081 787 3153 allectus
807 3107 874 3154 nos
891 3081 1071 3154 efficacior
1093 3079 1243 3153 inducat
1269 3095 1304 3152 et
1329 3096 1474 3176 urgeat,
1499 3080 1572 3152 dis-

175 3207 384 3304 pensatione
402 3205 423 3276 h
440 3203 530 3276 Sede
550 3205 751 3302 Apostolicd
769 3229 878 3302 super
900 3203 971 3276 hoo
994 3201 1094 3302 prius
1113 3204 1279 3295 obtenta,
1302 3219 1425 3276 actum
1446 3219 1498 3276 est
1518 3206 1573 3275 in-

173 3345 227 3402 ter
253 3356 322 3402 nos
353 3345 390 3403 et
416 3328 581 3428 expresse
605 3345 844 3418 conventum,
867 3328 969 3424 qubd
994 3326 1197 3426 Philippus,
1227 3327 1324 3400 filius
1346 3343 1462 3399 vester
1488 3353 1572 3426 pre·
1611 3391 1613 3396 ,

172 3453 312 3543 dictus,
329 3453 441 3525 ducet
460 3453 498 3524 in
516 3476 665 3523 uxorem
685 3451 903 3539 Beatricem,
923 3450 1033 3522 filiam
1056 3448 1339 3540 nostram,'oi1m
1356 3449 1491 3521 nubilis
1505 3452 1573 3521 erit

171 3579 290 3650 etatis.
314 3577 367 3651 Ad
390 3576 511 3675 quod,
539 3591 576 3649 et
598 3576 706 3648 etiam
728 3574 775 3646 ad
799 3573 1048 3646 contrahenda
1069 3598 1155 3646 cum
1174 3575 1250 3672 ipsa
1270 3573 1464 3672 sponsalia,
1486 3573 1572 3648 ciun

172 3700 209 3772 id
233 3715 310 3772 etas
336 3701 493 3798 patietur
510 3700 635 3798 ipsius,
653 3697 750 3770 idem
775 3696 963 3796 Philippus
985 3722 1022 3770 se
1044 3695 1249 3788 adstrinxit,
1269 3696 1448 3796 corporali
1464 3723 1573 3797 super
1616 3751 1618 3756 .

174 3823 244 3897 hoc
265 3826 417 3924 prestito
437 3825 657 3920 juramento.
683 3828 755 3896 Nos
777 3823 885 3894 etiam
907 3821 1009 3894 vobis
1030 3817 1188 3918 legitimis
1207 3821 1466 3920 stipulantibus
1484 3849 1571 3922 pro-

174 3951 371 4041 mittimus,
395 3974 463 4021 nos
488 3963 677 4021 curaturos
703 3962 738 4019 et
765 3946 922 4019 facturos
949 3946 1047 4020 bonh
1075 3946 1168 4038 fide,
1192 3972 1260 4045 pro
1288 3971 1395 4045 posse
1420 3964 1568 4037 nostro,

174 4075 274 4171 qubd
293 4075 432 4173 prefata
452 4071 524 4145 lilia
541 4087 661 4144 nostra
678 4069 848 4143 eumdem
866 4069 1073 4170 Philippum
1093 4070 1208 4142 hlium
1224 4087 1382 4144 vestrum
1401 4073 1439 4144 in
1457 4073 1571 4169 legiti-

174 4222 275 4271 mum
292 4197 443 4294 recipiet
460 4195 680 4292 habebitque
699 4194 884 4285 maritum,
900 4193 1091 4290 qubdque,
1112 4191 1197 4265 ciam
1212 4193 1259 4266 ad
1278 4192 1316 4264 id
1339 4208 1423 4292 apta
1442 4195 1568 4285 suerit,

175 4321 365 4395 contrahet
379 4320 557 4421 sponsalia
570 4343 656 4392 cum
672 4319 819 4409 eodem,
839 4333 875 4390 et
890 4316 992 4414 quod
1010 4318 1230 4390 serenissima
1247 4316 1397 4390 domina
1410 4319 1548 4390 Beatrix
1557 4371 1567 4408 ,

178 4451 295 4546 regina
317 4447 454 4537 Sicilie,
473 4471 620 4518 consors
642 4458 783 4532 nostra,
809 4444 846 4514 in
865 4441 936 4514 hoc
959 4442 1177 4533 consentiet,
1203 4457 1238 4514 et
1252 4466 1290 4513 se
1310 4456 1518 4513 curaturam
1534 4457 1571 4516 et

174 4573 351 4648 facturam
369 4572 470 4670 qubd
483 4569 694 4668 hujusmodi
710 4568 889 4668 sponsalia
909 4583 945 4640 et
963 4569 1236 4640 matrimonium
1253 4566 1451 4639 sortientur
1463 4565 1570 4640 ellec-

173 4713 250 4770 tum
270 4698 481 4772 solemniter
497 4696 739 4794 repromittet,
755 4719 797 4767 ac
811 4695 918 4766 etiam
932 4717 1040 4791 super
1052 4691 1124 4765 hoc
1144 4690 1317 4792 prestabit
1336 4690 1570 4789 corporaliter

168 4824 435 4919 juramentum.
451 4821 622 4894 Premissa
637 4819 722 4892 verb
742 4819 864 4892 omnia
887 4833 922 4891 et
942 4817 1097 4913 singula,
1118 4831 1229 4915 prout
1242 4831 1328 4888 sunt
1348 4832 1512 4908 narrata,
1533 4834 1569 4890 ot

168 4947 221 5021 ob
233 4971 360 5021 causas
372 4943 537 5044 superihs
552 4959 780 5032 memoratas,
796 4967 858 5013 vos
873 4966 939 5013 nec
953 4940 1039 5011 dolo
1052 4963 1119 5012 nec
1134 4939 1259 5012 fraude
1273 4940 1433 5032 inducti,
1449 4965 1567 5040 neque

170 5072 209 5142 vi
234 5085 379 5144 metuve
400 5069 536 5158 coacti,
560 5066 623 5142 sed
645 5067 761 5139 vestra
785 5063 897 5136 liberal
917 5078 952 5134 et
971 5068 1174 5162 spontanea,
1190 5063 1393 5156 voluntate,
1419 5065 1567 5139 nomine
