3862 6048
428 615 599 688 ratitum
619 616 863 690 munimus
883 617 938 690 BE
958 617 1282 709 savoia-tottila.
1498 639 1554 700 lul

160 755 420 847 blant-Ferrut,
440 757 505 854 qui
525 769 675 830 mourut
686 778 757 856 peu
776 759 824 831 de
838 757 1069 860 tempsapres
1083 760 1226 834 sanslui
1239 761 1361 836 laisser
1379 765 1552 841 d’enlans.

206 885 259 951 En
288 880 461 953 secondes
488 904 599 954 noces
622 879 647 952 il
671 880 805 980 sponsa
833 867 973 974 Sibille,
1000 883 1073 957 lille
1094 884 1141 958 de
1162 887 1338 958 Bertrand
1368 889 1416 962 de
1437 896 1553 983 Baux,

158 1003 339 1078 mateebal
355 1017 391 1078 et
406 1005 701 1103 viselle-general
723 1006 770 1080 de
792 999 1007 1106 l'empet'eur
1021 1009 1157 1082 bobert
1175 1033 1220 1082 en
1240 1011 1391 1104 Achate,
1415 1009 1555 1114 Cepha·

163 1129 262 1202 tonte
280 1143 318 1204 et
329 1131 555 1230 Negrepont.

202 1260 302 1328 Dans
316 1255 459 1329 l'unuee
478 1247 581 1346 1335,
594 1261 747 1355 lacques
758 1256 881 1332 obtiut
894 1260 941 1334 de
958 1260 1175 1359 l’empeteut
1187 1261 1334 1336 Charias
1350 1259 1399 1336 1v-
1411 1264 1445 1337 le
1458 1265 1555 1338 droit

10 1457 12 1492 ξ
154 1377 203 1452 tle
219 1379 366 1478 lmpper
383 1380 448 1452 des
468 1382 658 1453 monnuies
676 1380 759 1454 d’or
773 1399 819 1458 et
833 1400 878 1456 en
897 1376 1014 1457 merae
1028 1397 1146 1481 temps
1164 1383 1303 1458 d’avoir
1319 1387 1383 1459 des
1398 1389 1555 1462 notaires

10 1493 11 1496 ¹
153 1503 307 1601 publiea.
322 1504 426 1576 Voici
443 1519 536 1578 cette
550 1505 676 1578 charte
699 1506 746 1579 de
761 1510 972 1582 concession
987 1507 1209 1607 impe-rialer

10 1705 11 1736 ;
201 1651 221 1696 rr
243 1627 409 1720 Carolus,
427 1628 493 1701 liei
505 1632 887 1726 gratieiiomuuorum
905 1650 965 1705 res
976 1654 1118 1731 semper
1130 1637 1307 1729 Augustus
1324 1649 1361 1708 et
1382 1636 1553 1709 bohemie

151 1776 228 1844 rex,
242 1750 372 1826 illustri
382 1754 566 1827 laubode
578 1751 916 1853 subaudirtpniroipi
924 1756 1086 1853 Arbaye,
1099 1771 1223 1830 noenu
1237 1773 1273 1832 et
1293 1759 1436 1856 imperii
1454 1761 1552 1834 fideli

149 1876 305 1968 dilecto,
325 1880 475 1975 gratiam
496 1879 679 1975 regiamet
698 1879 978 1952 omnebonum.

198 2031 218 2070 rr
241 2002 481 2076 consideratis
509 2005 579 2075 tuis
607 2004 715 2099 gratis
744 2002 928 2100 obsequiis
952 2017 989 2076 et
1015 2001 1101 2076 fidei
1127 2005 1327 2076 constantia
1355 2005 1491 2102 quibus
1517 2023 1551 2078 te
1647 1999 1652 2009 ’

147 2139 271 2198 nostre
290 2127 464 2223 majestati
481 2127 576 2223 regie
597 2141 633 2199 et
649 2143 753 2200 sauro
776 2127 931 2226 imperio
951 2121 1184 2201 laudabiliter
1203 2131 1398 2226 cooptasti,
1416 2153 1484 2202 nee
1506 2134 1551 2202 slt

145 2251 304 2324 dubium
319 2252 409 2348 quin
423 2241 524 2323 bona
536 2253 722 2348 sequentia
736 2249 922 2349 prioribus
935 2252 1149 2324 continuare
1161 2249 1293 2324 debeas
1310 2255 1349 2323 in
1367 2252 1548 2345 loturum,

144 2399 213 2448 nos
231 2375 481 2449 volentes-tibi
497 2377 753 2473 premissorum
773 2369 929 2465 inmite,
944 2373 1119 2472 nequitu
1136 2377 1407 2472 eoumnguineo
1424 2393 1548 2452 nostro

142 2503 297 2594 dilecto,
312 2504 463 2598 gratiam
485 2503 601 2575 facere
622 2503 833 2600 specialem,
856 2502 923 2574 tibi
945 2503 1088 2598 tuisque
1105 2501 1301 2573 heredibus
1321 2503 1489 2600 legitimis
1508 2521 1548 2576 ut

141 2641 320 2698 monetam
337 2629 418 2698 auri
433 2643 468 2696 et
482 2629 631 2724 argenti,
646 2641 707 2698 seu
733 2626 879 2699 ultetius
901 2625 1036 2698 metalli
1058 2625 1105 2700 de
1127 2649 1221 2724 quo,
1247 2602 1294 2697 ad
1313 2651 1547 2700 eommunem

142 2773 251 2826 usum
267 2760 303 2825 et
317 2767 474 2842 morem,
496 2763 641 2826 moneta
657 2753 770 2852 possit
785 2745 865 2824 lieri
879 2767 915 2826 et
933 2769 1006 2850 que
1024 2745 1070 2824 slt
1092 2750 1213 2847 legalis
1225 2766 1262 2823 et
1274 2751 1434 2848 legitimo
1452 2769 1546 2852 pon·

139 2880 229 2952 dete
242 2883 279 2952 el
294 2881 493 2967 demetere,
511 2895 586 2950 non
605 2877 785 2969 fraudata,
806 2879 844 2949 m
864 2879 1047 2950 territorio
1067 2877 1188 2950 vestro
1202 2875 1280 2949 fieri
1301 2891 1339 2948 et
1359 2877 1545 2969 labiicari,

140 3005 365 3078 constituens
375 3019 422 3076 ut
441 3003 662 3076 authoritate
676 3007 797 3076 nostrl
812 3003 920 3100 regali
937 3001 1096 3094 suffecti,
1112 3001 1323 3076 tabelliones
1336 3021 1371 3075 et
1384 3002 1546 3076 notarios

139 3129 307 3227 publicos
334 3129 487 3200 idoneos
516 3139 551 3199 et
580 3129 616 3198 in
645 3126 1094 3199 litteratori‘suliieienter
1118 3138 1300 3225 expertos,
1324 3149 1411 3199 cum
1436 3128 1543 3226 plena

139 3268 316 3350 potestate
338 3251 384 3323 sd
402 3250 660 3323 tabellionatus
671 3249 835 3323 oliielum
851 3252 1056 3349 pertinente
1070 3249 1185 3323 lacere
1204 3266 1241 3322 et
1259 3273 1383 3322 creare
1399 3251 1543 3324 valeatis

138 3377 247 3450 etlam
264 3390 301 3448 et
318 3377 478 3476 possitis,
494 3390 644 3474 accepto
658 3375 707 3446 ab
718 3375 802 3473 ipsis
815 3376 1037 3471 juramento,
1051 3374 1254 3446 secundum
1272 3375 1427 3446 formam
1442 3379 1541 3473 capi-

139 3503 302 3574 tutorum
321 3503 485 3591 istorum,
498 3485 687 3573 videlieet:

186 3656 205 3696 r<
226 3633 279 3700 Tu
308 3628 447 3726 jurabis
464 3629 511 3700 ad
531 3639 654 3700 saneta
678 3627 747 3698 Dei
773 3625 954 3722 euangelia
969 3625 1017 3697 de
1042 3635 1164 3698 'cetero
1186 3623 1303 3697 tidelis
1325 3649 1400 3697 eree
1421 3644 1539 3700 sacre

135 3764 259 3827 sanem
274 3765 424 3827 romane
445 3753 593 3826 ecelesia
613 3741 649 3824 et
662 3765 890 3826 sacrosancto
903 3758 1057 3824 rumano
1074 3751 1230 3848 imperio
1252 3752 1398 3848 suisque
1422 3754 1537 3851 impe·
1588 3815 1589 3818 ,

136 3879 318 3952 ratorlbus
328 3877 503 3952 canonice
517 3877 750 3968 intrantibus,
763 3879 957 3976 scripturas
966 3878 1054 3950 vero
1063 3895 1129 3975 pet
1143 3893 1178 3948 te
1194 3878 1231 3947 in
1247 3878 1401 3948 sormam
1415 3876 1537 3977 publi-

134 4021 214 4077 cam
237 3993 451 4101 redIgen'das
471 4007 509 4076 in
525 4000 745 4082 membranis
758 4017 794 4076 et
810 4015 886 4074 nort
904 4003 941 4072 in
953 3997 1061 4074 eartis
1083 3997 1219 4096 abrasis·
1238 4017 1359 4100 neque
1380 3997 1538 4101 papireis

133 4129 359 4220 conseribes,
374 4131 461 4201 etin
481 4130 596 4200 causis
610 4128 859 4216 eeclesiarum,
872 4117 1124 4224 hospitalium,
1138 4120 1332 4198 uiduarum
1350 4150 1392 4198 ae
1404 4127 1536 4226 orpha·

132 4268 267 4326 uorum
281 4253 341 4350 jus
362 4248 542 4350 requires,
565 4260 600 4325 et
617 4254 687 4326 eris
703 4250 913 4325 favorabilis
937 4265 973 4322 et
984 4251 1160 4347 bentgus,
1175 4251 1429 4324 tabellionatus
1446 4253 1534 4322 offi-

131 4377 231 4449 cium
246 4377 425 4476 perpetub
439 4378 517 4448 sine
532 4376 657 4450 fraude
671 4375 868 4467 exercebis,
880 4363 934 4447 nil
947 4373 1085 4446 addens
1097 4373 1155 4445 vel
1169 4375 1338 4446 minuens
1351 4371 1534 4446 maliciose

130 4501 186 4573 vel
198 4498 448 4572 fraudulenter
464 4500 555 4598 quid
569 4501 672 4574 alteri
686 4498 980 4573 contrahentium
995 4497 1165 4596 prodesse
1178 4495 1309 4587 valeat,
1321 4493 1379 4566 vel
1393 4495 1531 4568 obesse.

179 4625 370 4698 «Plenam
393 4641 429 4698 et
454 4625 621 4715 liberam,
648 4640 774 4697 tenore
798 4623 1022 4723 presentium
1048 4619 1283 4692 concedimus
1310 4619 1531 4727 facultatem,

129 4752 180 4826 itt
199 4767 320 4827 tumen
340 4751 442 4850 quod
464 4751 619 4850 predicti
642 4751 851 4824 tabelliones
871 4773 964 4847 quos
977 4745 1179 4820 erraveritis
1196 4746 1234 4816 in
1259 4745 1362 4816 terris
1384 4771 1474 4844 quas
1493 4749 1531 4820 in

128 4877 395 4976 presentiarum
418 4875 559 4948 habetis
588 4875 644 4947 vel
666 4874 882 4964 hahueuris,
900 4887 937 4944 et
959 4871 1183 4966 ubicumque
1210 4870 1400 4942 exercendi
1423 4897 1531 4952 suum

129 4999 385 5074 tabellionatus
417 5001 580 5076 officium
614 5001 773 5074 habeant
791 5011 1018 5098 potestatem
1047 4995 1286 5094 presentium,
1316 4993 1385 5067 sub
1407 5013 1531 5092 nostro

129 5125 325 5224 majestatis
343 5126 458 5223 sigillo
475 5121 682 5204 testimonio
703 5127 917 5198 litterarum.

248 5259 289 5316 ι’·
306 5269 446 5318 esuris.
1350 5250 1390 5310 3⁶
