3928 6040
523 622 601 683 suu
622 621 830 684 Guouuuul
852 621 906 684 DE
927 621 1260 685 vlttu-llstltuultt.
1566 636 1600 690 ll

201 775 237 820 sc
264 753 370 818 Veneti
397 757 559 818 sociarunt.
588 755 647 818 Sed
673 762 798 834 propter
821 755 1015 818 rebellionem
1040 754 1163 834 Sicilie,
1193 775 1245 818 rex
1268 754 1421 834 predictus
1447 758 1602 822 intendere

204 879 264 922 non
277 858 392 940 potuit,
403 858 503 938 itaquo
516 878 565 922 ras
574 859 729 923 remansit.
741 862 856 925 Verum
869 867 982 938 umen,
996 866 1065 924 ante
1080 860 1274 924 rebellionem
1286 861 1397 940 Sicilie,
1410 882 1462 926 rea
1472 869 1602 926 llarolus

203 966 394 1045 supradictus
407 966 487 1030 misit
500 973 601 1048 plures
616 967 764 1032 exercilus
775 973 836 1030 tam
848 988 902 1046 por
914 977 1025 1032 terram
1039 975 1130 1048 quam
1145 988 1200 1047 per
1213 989 1295 1032 mare
1309 973 1348 1032 ud
1366 976 1601 1049 expugnandum

205 1073 365 1152 imperium
380 1072 540 1149 llmnanie,
553 1078 605 1137 sed
620 1079 729 1152 pardm
747 1079 895 1137 lecerunt.

246 1203 262 1238 n
275 1181 346 1242 Post
366 1183 489 1242 modum
500 1184 587 1258 vero,
600 1183 696 1244 multo
710 1189 847 1258 tempore
860 1184 976 1258 elapso,
992 1179 1182 1244 Veneticum
1197 1176 1307 1246 comite
1320 1185 1358 1245 de
1370 1182 1503 1262 Valesio,
1519 1191 1604 1262 patre

203 1285 284 1348 illius
302 1285 381 1363 regis
393 1285 520 1354 Francis
538 1285 674 1364 Philippi
693 1284 746 1366 qui
767 1306 849 1349 nune
867 1296 972 1364 regnat
988 1295 1009 1363 ¹,
1024 1305 1056 1350 sc
1077 1286 1263 1366 sociarunta,
1286 1287 1435 1352 mittentes
1456 1291 1605 1352 exercitus

201 1395 357 1468 galearum
372 1410 428 1470 per
442 1397 543 1471 plures
559 1411 655 1456 anuos
669 1397 708 1456 sd
721 1410 868 1471 expensas
880 1391 1039 1471 utriusque
1054 1391 1161 1471 partis,
1177 1395 1215 1456 ad
1228 1397 1464 1472 expugnandum
1483 1403 1513 1459 et
1529 1415 1604 1458 con-

200 1498 385 1579 quirendum
410 1499 524 1564 dietum
544 1501 705 1579 imperium
728 1503 895 1578 Romanis,
910 1520 946 1563 ac
968 1505 1058 1564 etlam
1082 1519 1152 1564 cum
1174 1501 1315 1564 societate
1339 1505 1550 1566 Catelanorum
1571 1503 1601 1566 in

203 1605 384 1669 Romaniam
397 1606 545 1688 euntium,
559 1610 713 1670 tractando
722 1606 978 1687 conquisitionem
990 1605 1265 1686 (costantinopolis
1274 1616 1304 1672 ct
1314 1607 1441 1672 aliarum
1456 1618 1603 1673 terrarum

203 1712 340 1795 imperii,
355 1719 408 1778 sed
420 1714 548 1778 llnalitor
559 1720 667 1793 pardm
683 1719 829 1778 lecerunt.

246 1823 390 1884 «lllortud
404 1826 474 1885 sero
487 1825 610 1885 domina
620 1821 778 1900 Kolarina,
801 1841 895 1884 uxore
907 1824 1095 1900 regisllaroll
1105 1821 1282 1900 supradicti,
1293 1825 1331 1885 sd
1342 1828 1490 1903 quamius
1506 1823 1604 1901 impe-

200 1927 239 1990 ril
255 1929 402 1992 Romanis
414 1932 583 2008 spectabat,
596 1928 694 1992 dictus
708 1928 852 1991 dominus
867 1932 998 1992 Karolus
1017 1929 1098 1991 illum
1117 1929 1147 1991 in
1168 1929 1329 1993 Franciam
1350 1928 1474 1992 dimisit.
1494 1934 1603 2008 Itaque

201 2038 261 2098 truc
274 2053 370 2114 usque
383 2054 430 2098 res
440 2038 554 2114 absque
566 2039 625 2098 linc
640 2033 777 2113 predicto
791 2033 944 2097 remansit.
958 2035 1107 2097 Dominus
1121 2040 1191 2099 sero
1204 2038 1268 2098 dux
1283 2043 1313 2098 et
1328 2053 1489 2099 commune
1498 2038 1603 2102 Vene-

200 2145 310 2204 tlarum
322 2147 477 2206 transeunt
489 2144 528 2205 de
538 2145 642 2219 treuga
653 2139 685 2204 iu
700 2147 834 2218 treugam
847 2157 917 2202 cum
932 2139 1113 2220 imperatore
1124 2143 1306 2220 Grecorum,
1328 2147 1483 2221 nunquam
1497 2161 1603 2220 pacem

199 2251 446 2324 agererolentes.

242 2379 259 2414 a
269 2353 755 2434 itaquesemperlromincsllcneti
765 2350 1426 2432 substinueruntarmana-tenuerunsgentem
1436 2373 1496 2435 que
1507 2354 1535 2418 in
1548 2354 1604 2417 irn-

199 2461 288 2540 perio
301 2461 457 2525 Romania
472 2461 631 2540 remansit,
647 2463 725 2524 sicut
740 2461 830 2525 etiam
854 2461 1041 2541 principatus
1056 2467 1183 2524 Amores
1195 2465 1325 2546 (Morte)
1343 2471 1374 2526 et
1393 2471 1540 2526 terrarum
1565 2467 1603 2526 ad

199 2588 268 2632 earn
296 2567 530 2646 pertinentium,
559 2574 627 2630 cdm
652 2578 681 2632 et
706 2573 771 2647 ipse
791 2567 931 2632 dominus
959 2573 1021 2630 dux
1039 2575 1068 2631 el
1090 2588 1252 2632 commune
1277 2571 1462 2635 Venetorum
1486 2580 1605 2632 teneant

198 2678 311 2738 bonam
333 2682 448 2753 partem
464 2673 494 2736 in
510 2681 588 2738 terra
612 2680 675 2752 jam
689 2674 778 2737 dictat.
798 2677 836 2736 Et
855 2679 920 2752 ojus
944 2679 1031 2738 verso
1044 2677 1209 2738 Januenses
1236 2675 1465 2738 substinuerunt
1491 2683 1519 2738 et
1536 2687 1604 2738 m'a-

201 2790 421 2846 nu-tenuerunt
433 2782 522 2844 aliam
532 2790 647 2861 partem
657 2785 826 2850 Grecorum
836 2791 939 2845 contra
953 2785 1050 2846 Deum
1061 2790 1089 2845 el
1099 2781 1200 2845 omnia
1210 2787 1291 2861 jnra,
1305 2788 1364 2846 lam
1376 2801 1431 2862 per
1441 2801 1603 2846 commune

198 2895 292 2970 quam
304 2909 359 2968 per
372 2889 513 2954 divisum.

244 2995 420 3076 «Quocirca
433 2995 491 3074 ipsi
504 2998 670 3060 tanuenses
688 2997 835 3060 maximas
857 2995 975 3063 divitias
1000 3005 1219 3077 perceperunt,
1235 3005 1265 3061 et
1284 2995 1469 3062 econtrario
1488 2996 1600 3062 Veneti

200 3105 296 3165 multa
311 3105 442 3180 dampna
455 3109 643 3181 receperunt,
656 3107 794 3166 ucetiam
813 3107 940 3166 multam
952 3103 1115 3182 pecuniam
1128 3107 1350 3183 expenderunt,
1366 3113 1396 3168 at
1406 3105 1537 3167 maxime
1546 3123 1603 3183 pro

197 3209 425 3276 conservatione
438 3208 626 3289 Nigripontis
637 3217 667 3274 et
679 3211 806 3274 aliarum
822 3219 968 3274 terrarum
983 3230 1043 3290 que
1068 3230 1123 3290 per
1133 3215 1267 3274 Francos
1280 3218 1308 3274 et
1319 3211 1439 3275 Latinos
1452 3218 1600 3300 tenentur.

199 3323 267 3400 Qua
282 3317 383 3384 omnia
397 3337 458 3380 non
484 3325 604 3396 possent
619 3317 752 3384 breuiter
764 3319 909 3398 enarrari,
929 3326 961 3382 et
976 3323 1135 3397 propterea
1147 3317 1345 3382 dimittemus.
1361 3341 1378 3375 n

240 3429 319 3488 C'est
332 3444 366 3489 cc
390 3429 510 3490 volume
521 3425 573 3504 qui
590 3426 726 3492 sterria
741 3428 790 3489 Du
801 3428 901 3504 Gange
912 3445 990 3505 pour
1008 3445 1041 3489 sa
1055 3428 1194 3490 collatiun
1214 3443 1286 3491 arec
1300 3422 1434 3488 l'ddltion
1446 3427 1484 3487 de
1504 3427 1600 3500 Lyon,

197 3545 229 3599 et
240 3540 313 3599 c'est
330 3535 406 3599 celui
422 3535 474 3616 qui
493 3539 573 3600 avait
586 3535 664 3600 sarri
679 3541 696 3598 t
712 3543 789 3599 cette
805 3540 903 3599 meme
916 3539 1030 3600 edition
1048 3538 1086 3598 de
1104 3539 1207 3616 leyen,
1227 3538 1301 3598 c’est
1321 3538 1403 3598 enlin
1417 3534 1496 3597 celui
1513 3532 1565 3613 qui
1584 3555 1602 3597 c

158 3659 163 3670 ·
197 3642 247 3704 etc
258 3644 396 3708 retrourtt
414 3662 454 3705 ou
468 3647 571 3706 achetd
585 3647 603 3706 a
616 3642 742 3722 Venice,
758 3649 788 3706 el
802 3648 883 3724 quia
901 3646 1091 3722 ateapportc
1109 3661 1166 3722 par
1179 3639 1336 3707 Goatarini
1355 3657 1393 3704 cn
1411 3644 1537 3705 France.
1559 3643 1602 3702 Lc

199 3757 279 3813 texto
297 3757 342 3813 ost
354 3755 480 3814 sourent
501 3749 652 3828 imparlnit
665 3769 705 3814 ou
726 3751 836 3832 alteri,
851 3749 926 3813 mais
945 3748 1058 3829 parlois
1079 3749 1100 3813 il
1116 3756 1178 3812 sert
1201 3753 1218 3812 1
1242 3751 1394 3812 redrcsser
1411 3749 1441 3812 le
1460 3766 1529 3811 sens
1548 3748 1601 3810 des

197 3865 299 3922 autres
313 3857 506 3935 manuscrits,
522 3865 552 3921 et
564 3862 606 3922 les
618 3877 704 3922 noms
718 3879 734 3937 y
749 3865 819 3922 sont
828 3878 866 3922 en
879 3861 999 3937 penard
1012 3877 1052 3921 un
1065 3877 1125 3937 peu
1141 3861 1241 3921 moins
1257 3859 1420 3934 deugures.

240 3968 281 4026 Le
291 3969 456 4026 manuscrit
464 3965 660 4043 Supplement
672 3969 732 4029 aot
737 3973 829 4028 estun
841 3963 1005 4028 manuscrit
1017 3965 1196 4044 surpapiol,
1203 3967 1242 4028 de
1260 3963 1600 4040 lormstpetitln-lollo,

199 4091 252 4134 sur
263 4091 322 4134 une
332 4075 414 4134 seule
426 4075 553 4135 colunne
562 4097 571 4154 3
581 4072 729 4136 l'ecriture
743 4075 873 4136 estdela
883 4077 924 4135 lln
933 4076 973 4135 du
986 4071 1190 4152 q-uasorzteme
1204 4071 1362 4150 sieclesles
1376 4073 1487 4134 lormes
1497 4075 1602 4134 ortho-

199 4177 383 4257 graphiques
401 4176 558 4258 indiquent
571 4198 643 4244 arec
657 4178 803 4242 certitudo
816 4177 954 4257 l'origloe
968 4183 1116 4243 llamande
1130 4181 1170 4242 du
1180 4177 1309 4258 copiste.
1324 4181 1399 4255 orry
1412 4183 1562 4256 retrouve,
1573 4183 1603 4239 et

198 4287 273 4346 daus
290 4288 318 4346 la
334 4288 429 4346 terme
443 4287 496 4347 dcs
510 4289 610 4347 lettres
630 4289 753 4348 atdans
773 4290 997 4364 l'ortlrograplrs
1019 4289 1072 4349 des
1090 4292 1185 4362 mols,
1208 4303 1270 4348 une
1290 4287 1404 4362 grande
1423 4283 1602 4345 conlormitc

198 4409 272 4454 arec
287 4409 327 4453 un
342 4387 508 4453 manuscrit
520 4393 559 4453 ds
570 4389 791 4455 Voleucienues
808 4391 944 4469 dontj‘ai
959 4391 1062 4470 publid
1076 4411 1136 4455 une
1155 4390 1264 4471 partie,
1283 4407 1403 4454 comme
1423 4391 1531 4452 extruit
1548 4390 1601 4449 des

199 4497 289 4562 liures
308 4501 345 4560 do
363 4497 499 4560 Baudoin
521 4501 781 4576 d'Aresnes,dans
800 4503 829 4561 le
857 4503 976 4564 volume
1002 4497 1055 4578 qui
1083 4499 1219 4562 contient
1246 4501 1275 4561 la
1300 4495 1476 4574 chronique
1497 4497 1534 4556 de
1551 4494 1600 4554 Du

198 4606 340 4666 Guesclin
354 4628 363 4686 3
378 4611 407 4666 et
418 4607 554 4682 j‘incline
564 4623 645 4668 assez
660 4609 677 4667 t
690 4603 787 4668 croire
797 4621 857 4684 que
865 4623 900 4668 ce
912 4604 1076 4668 manuscrit
1092 4623 1166 4668 aura
1183 4607 1236 4668 tte
1246 4603 1334 4682 copie
1348 4608 1366 4666 a
1381 4603 1601 4666 Valens-,icones

200 4725 240 4772 ou
255 4712 329 4772 dans
344 4713 386 4772 les
402 4707 543 4773 environs
563 4713 680 4775 vorsla
699 4713 740 4773 fin
761 4714 802 4773 du
820 4714 1023 4790 quatoraieme
1042 4709 1143 4774 siecle.
1166 4711 1207 4772 Ge
1222 4708 1275 4788 qui
1297 4710 1372 4770 rend
1388 4713 1464 4770 cette
1484 4723 1601 4785 suppo·

199 4813 287 4878 sitlon
298 4818 367 4895 plus
377 4817 622 4896 rraisemblable,
641 4823 727 4880 outre
739 4821 768 4880 la
781 4815 987 4896 presumption
1000 4815 1053 4896 qui
1068 4823 1130 4879 natt
1142 4819 1181 4879 de
1194 4817 1439 4892 l'ortlrographe,
1457 4817 1529 4876 c’est
1541 4829 1601 4892 quc

232 4953 240 4984 ¹
257 4953 375 5016 Plrlllppe
384 4954 417 5004 dc
427 4955 515 5006 valois
533 4951 706 5004 scommeuct
716 4951 730 5003 t
742 4951 833 5014 regnes
847 4965 880 5004 cn
920 4965 995 5003 sceau
1010 4951 1065 5002 d’or
1076 4965 1126 5003 aur
1140 4951 1256 5002 arclrlrcs
1270 4951 1305 5001 du
1319 4963 1450 5014 rossumc.
1471 4950 1491 5000 ll
1504 4949 1544 5000 lut
1555 4962 1600 5001 re·

202 5041 261 5092 1³28
272 5046 296 5091 ct
305 5047 342 5091 est
356 5048 424 5094 mort
434 5055 466 5092 cn
484 5045 554 5093 1350.
920 5040 1159 5104 noureltquslques
1168 5038 1353 5103 anneesprts.
1362 5041 1602 5102 Voyoamestclotr-

229 5131 289 5182 ’cc
301 5131 384 5192 traltl,
395 5133 439 5195 qul
452 5133 529 5185 cstds
543 5134 611 5189 1100,
626 5133 703 5184 existe
714 5145 808 5186 encore
821 5144 881 5188 arcs
922 5131 1074 5186 ritrsmrns.
1090 5130 1136 5190 aul
1151 5129 1266 5188 lormcut
1281 5129 1305 5180 la
1324 5131 1358 5178 trs
1369 5128 1452 5191 partis
1462 5127 1494 5177 de
1509 5139 1539 5178 co
1549 5125 1601 5176 sol.
