3862 6048
390 679 397 726 t
462 655 634 722 1³1thch
653 657 897 720 Tl'l'ULAlRES
917 656 1273 720 ΒἊΟΉΔΙΉΑὙΟΙΕ,
1507 661 1564 720 291

170 785 279 857 luerit
299 786 374 858 sive
398 801 556 880 gestum;
578 801 614 858 et
636 787 782 883 insuper
802 785 1024 860 declarantes
1049 803 1085 860 et
1103 785 1264 858 volentes
1286 782 1445 883 expresse
1466 786 1568 882 qubd

168 935 317 1008 presens
331 911 443 1008 possit
457 909 556 982 refici
571 925 607 982 et
623 909 701 982 lieri
716 909 817 982 refici
837 909 958 1000 semel,
978 910 1044 1001 bis,
1064 926 1100 982 et
1119 911 1257 985 tociens
1283 911 1457 1006 quociens
1476 935 1569 1008 opus

169 1034 280 1110 luerit
291 1032 339 1104 ad
356 1035 525 1132 sapientis
546 1033 755 1118 consilium,
775 1033 936 1109 veritatis
954 1031 1160 1111 subsuncis
1174 1057 1248 1104 non
1268 1037 1424 1124 mutant,
1438 1033 1569 1129 fideju-

168 1157 296 1232 bentes
324 1159 411 1234 dicti
437 1159 581 1234 domini
606 1160 862 1234 substituentes
893 1183 962 1256 pro
987 1158 1093 1230 dictis
1116 1159 1319 1232 substitutis
1344 1159 1507 1257 ipsorum
1534 1174 1568 1230 et

168 1307 299 1364 eorum
312 1284 426 1359 altero
443 1300 479 1358 et
491 1283 689 1359 relevantes
704 1284 803 1383 ipsos
819 1299 855 1360 et
876 1283 1076 1380 quemlibet
1099 1284 1261 1382 ipsorum
1276 1282 1323 1356 ab
1337 1307 1447 1356 onere
1471 1283 1570 1357 satis·

168 1407 296 1483 dandi.
327 1415 369 1490 Et
400 1411 709 1485 renunciaverunt
731 1406 893 1507 expresse
920 1407 1010 1482 dicti
1027 1408 1169 1482 domini
1194 1409 1466 1496 substituentes,
1497 1406 1569 1480 tiun

169 1534 673 1634 nominibusfpropriisquitm
687 1535 900 1612 nominibus
912 1535 1046 1633 quibus
1061 1559 1181 1632 supra,
1194 1533 1367 1608 omnibus
1379 1549 1413 1610 et
1422 1533 1571 1629 siugulis

164 1660 324 1758 juribus,
337 1661 486 1758 legibus,
498 1661 634 1752 usibus,
648 1659 980 1751 constitutionibus,
993 1659 1198 1757 privilegiis,
1207 1657 1320 1733 literis
1332 1673 1369 1730 et
1378 1658 1570 1756 rescriptis,

168 1784 408 1877 libertatibus,
419 1785 721 1874 immunitatibus,
745 1784 949 1858 franchisiis
966 1801 1002 1858 et
1016 1783 1161 1881 juribus
1181 1783 1258 1858 aliis
1275 1781 1571 1878 quibuscumque

168 1909 634 2006 criminalibusficnnouiois
646 1924 683 1984 et
696 1907 864 1990 civilibus
874 1908 1008 2006 quibus
1024 1907 1078 1980 vel
1092 1921 1329 2005 propterque
1345 1920 1492 2004 possent
1509 1931 1570 1978 ve·

170 2037 250 2111 nire
261 2035 318 2108 vel
330 2035 446 2108 facere
455 2037 493 2111 in
507 2051 624 2110 toturn
633 2035 689 2111 vel
701 2037 739 2108 in
749 2050 852 2132 parte
862 2049 988 2107 contra
998 2033 1173 2132 presentis
1184 2032 1312 2107 seriem
1323 2031 1569 2120 instrumenti,

172 2176 209 2232 et
221 2159 422 2257 specialiter
432 2160 509 2255 juri
525 2159 620 2255 ligio,
634 2175 671 2232 et
688 2159 740 2230 illi
754 2161 863 2238 etiarn
874 2159 949 2254 juri
962 2157 1099 2233 dicenti
1115 2155 1216 2254 quod
1231 2181 1324 2254 pena
1338 2156 1492 2253 periurii
1505 2180 1571 2254 per

170 2309 303 2381 penam
315 2285 562 2382 pecuniariam
578 2307 653 2359 nnn
664 2284 827 2371 solvitur,
842 2280 1091 2357 eteconversc
1101 2281 1202 2380 qnod
1213 2305 1361 2380 unaper
1374 2281 1480 2354 aliam
1494 2307 1569 2354 ncn

172 2407 322 2483 tollitur.
335 2414 378 2480 Et
386 2408 631 2507 propredictis
640 2405 1247 2502 omnibusetsingulisexequendis,
1258 2405 1572 2500 rogaveruntdicti

168 2532 311 2604 domini
323 2531 581 2604 substituentes
597 2557 656 2604 me
669 2530 918 2630 supradictum
935 2531 1118 2600 notarium
1135 2528 1326 2626 publicum
1340 2529 1387 2608 de
1400 2529 1572 2625 predictis

171 2657 303 2730 confici
311 2656 502 2756 publicum
512 2658 805 2746 instrumentum,
815 2655 916 2752 quod
929 2655 1064 2730 facutm
1075 2669 1128 2734 est
1138 2679 1203 2752 per
1213 2677 1344 2729 manus
1356 2654 1428 2732 mei
1438 2653 1572 2730 notarii

169 2781 369 2880 supradicti
383 2797 418 2854 et
432 2781 680 2880 subscriptum
689 2807 732 2857 ac
747 2757 854 2854 solito
870 2782 972 2876 signo
987 2781 1182 2876 signatum,
1194 2777 1315 2873 sigillis
1327 2775 1572 2875 pendentibus

169 2931 234 2980 seu
246 2905 356 2979 bullis
369 2907 530 3003 ipsorum
540 2904 774 2986 dominorum
788 2903 1086 2981 substituentinm
1097 2901 1322 2992 roboratum,
1336 2915 1449 3000 prout
1461 2914 1513 2982 est
1525 2900 1572 2980 de

170 3031 436 3110 consuetudine
454 3033 581 3130 pstrie.
608 3037 651 3104 Et
666 3032 753 3129 quia
778 3031 1008 3129 supradictus
1029 3028 1200 3103 dominus
1223 3028 1330 3102 frater
1349 3025 1507 3104 lacobus
1532 3027 1571 3098 in

171 3157 344 3256 predictis
356 3155 529 3230 omnibns
542 3156 705 3231 interluit
719 3155 799 3228 vice
812 3171 848 3228 et
862 3155 1012 3228 nomine
1025 3153 1113 3229 dicti
1130 3152 1272 3230 domini
1287 3153 1409 3248 magni
1423 3175 1573 3249 precep-

171 3287 277 3373 toris,
294 3309 442 3382 presens
455 3285 736 3356 instrumentum
755 3281 872 3376 sigillo
886 3281 1060 3378 pendenti
1073 3280 1162 3355 dicti
1181 3279 1322 3352 domini
1344 3278 1465 3373 magni
1487 3301 1572 3374 pre-

172 3411 329 3507 ceptoris
338 3407 517 3505 sigillavit.
528 3414 571 3478 Et
585 3432 664 3498 nos,
679 3407 922 3510 prenqminati
928 3405 1193 3492 substituentes,
1206 3404 1252 3475 ad
1263 3403 1452 3491 cautelam,
1462 3404 1568 3477 certi-

173 3535 337 3608 tudinem
361 3548 397 3606 et
419 3532 644 3610 evidenoiam
659 3530 873 3628 pleniorem,
888 3554 1036 3627 presens
1050 3530 1331 3600 instrumentum
1348 3525 1492 3620 sigillari
1506 3550 1569 3596 seu

172 3660 302 3732 bullari
320 3661 472 3732 fecimus
484 3657 607 3754 sigillis
621 3681 685 3732 seu
700 3655 809 3729 bullis
820 3657 950 3730 nostris
962 3651 1219 3753 pendentibus,
1233 3666 1343 3753 prout
1355 3665 1408 3724 est
1420 3651 1466 3730 de
1481 3675 1571 3722 con·

170 3787 362 3862 suetudine
375 3787 612 3884 principatus.

220 3943 240 3984 u
260 3919 305 3987 Et
317 3937 384 4009 ego
394 3911 567 4008 Ugoliuus
587 3909 777 4008 quondam
800 3907 942 3983 domini
960 3903 1134 3978 lohanini
1157 3902 1203 3974 de
1224 3903 1258 3974 la
1271 3908 1382 3977 Turre
1405 3899 1451 3974 de
1471 3904 1572 3976 nan-

172 4042 233 4112 tud
243 4035 414 4136 publicus
429 4051 470 4107 ut
483 4060 593 4135 supra
605 4035 778 4122 notarius,
792 4033 879 4130 qnia
890 4030 1062 4129 predictis
1072 4027 1244 4103 omnibus
1253 4043 1289 4098 et
1301 4025 1467 4122 singulis,
1481 4023 1572 4099 dum

169 4167 468 4262 sicagerenturet
480 4161 619 4250 tierent,
634 4173 828 4257 rogatuset
840 4173 987 4230 vocatus
1000 4155 1159 4245 interlui,
1169 4155 1342 4251 premissa
1353 4152 1477 4224 omnia
1485 4176 1571 4248 pro·

170 4296 251 4396 prid
270 4317 383 4365 maun
404 4291 543 4388 scripsi,
566 4289 664 4362 etad
687 4288 863 4384 majorem
885 4284 1063 4360 cautelam
1086 4307 1144 4356 me
1159 4280 1355 4378 subscripsi
1379 4293 1416 4350 et
1431 4279 1469 4348 in
1488 4300 1572 4374 pre·

170 4419 263 4492 senti
277 4443 401 4489 meum
412 4418 557 4512 signum
570 4415 722 4513 apposui
736 4428 963 4486 consuetum.

221 4571 241 4611 u
263 4541 383 4639 Sigilla
394 4569 402 4611 :
415 4585 465 4598 ·-
480 4539 622 4614 domini
637 4539 804 4638 Episcopi
822 4537 1054 4626 Coronensis,
1068 4531 1269 4604 -domini
1286 4527 1494 4622 Vicarij,·--
1506 4524 1572 4594 dc-

172 4671 262 4741 mini
285 4669 405 4764 Magni
428 4665 680 4757 conestabilis,
698 4709 746 4718 -
766 4663 907 4736 domini
940 4659 1181 4759 Preceptoris,
1200 4697 1249 4709 --
1263 4653 1404 4726 domini
1424 4649 1573 4724 Cancel-

172 4796 249 4894 larij
262 4839 332 4884 ,--
343 4793 485 4865 domini
499 4791 675 4864 lobannis
688 4790 848 4878 Viristie,
859 4831 908 4842 —·-
921 4785 1045 4882 Moyni
1066 4785 1113 4856 de
1131 4781 1250 4876 Polay,
1265 4819 1313 4832 -
1329 4775 1573 4874 Niclrolnyle·

173 4918 515 5012 Fort,-lnhannis
527 4915 693 4989 Curiede
708 4912 864 5011 Speletc.
885 4943 902 4980 »

221 5040 331 5142 Apres
344 5042 519 5140 quelques
533 5037 766 5139 pourperlers
776 5061 862 5108 avec
876 5035 927 5106 les
940 5028 1213 5105 ambassedeurs
1224 5025 1432 5115 d'dmedee,
1446 5027 1574 5123 prince

174 5169 359 5262 d'tlclra'r'e,
384 5169 493 5268 qu’ils
515 5168 695 5272 appellent
714 5165 876 5262 tnnjours
899 5163 1024 5262 prince
1040 5160 1087 5232 de
1113 5157 1345 5256 Piguerolles,
1369 5155 1412 5228 ils
1436 5154 1488 5228 lui
1508 5178 1572 5224 en·
