3928 6044
665 611 806 694 oourh
827 631 880 694 nn
900 612 1165 696 (1111110111.
1557 641 1616 700 111

214 773 413 850 serement3
433 772 468 831 et
491 781 587 856 pour
611 783 653 832 ce
677 760 816 857 quoles
840 785 1091 835 convenences
1115 788 1162 836 ne
1186 762 1307 834 lurent
1331 766 1403 836 mie
1429 765 1528 840 leites
1550 793 1617 866 par

217 887 351 958 devant
368 885 547 980 seigneur,
563 909 609 956 ne
623 885 847 959 contermees
860 887 982 960 selonc
994 888 1046 960 les
1063 915 1105 960 us
1119 905 1155 960 et
1166 889 1216 961 les
1230 905 1437 962 coustumes
1449 891 1500 962 du
1513 913 1618 990 pays,

215 1008 300 1082 veez
320 1035 364 1107 cy
379 1033 451 1106 que
469 1009 516 1080 de
537 1007 664 1080 rechel
678 1010 912 1082 consermons
931 1026 967 1082 et
990 1027 1206 1108 octroyons,
1226 1027 1261 1084 et
1285 1011 1332 1084 de
1354 1013 1481 1084 rechel
1499 1013 1617 1086 doons

216 1149 339 1208 nostre
351 1132 474 1206 obiere
483 1147 519 1204 et
528 1130 629 1204 auree
638 1134 880 1230 compsingne
894 1133 927 1206 la
941 1151 1114 1207 comtesse
1124 1134 1171 1206 de
1181 1150 1282 1206 toute
1294 1135 1329 1206 11
1344 1135 1467 1208 moitis
1477 1135 1523 1210 de
1537 1151 1617 1208 tout

215 1271 339 1330 nostre
353 1255 512 1351 beritage
538 1279 612 1352 que
638 1279 732 1327 nous
753 1272 902 1346 tenons,
918 1272 954 1328 et
973 1281 1045 1354 que
1068 1281 1134 1354 par
1154 1259 1275 1329 raison
1300 1256 1439 1330 devons
1463 1261 1566 1332 avoir
1582 1275 1618 1331 et

217 1383 332 1470 tenir,
350 1395 428 1452 tant
443 1403 485 1452 ce
498 1380 563 1476 qui
583 1393 636 1450 est
654 1403 699 1452 eu
727 1378 895 1452 demaine
921 1404 992 1479 por
1004 1379 1191 1471 demaine,
1206 1406 1279 1478 que
1294 1405 1336 1454 ce
1353 1383 1418 1479 qui
1442 1398 1494 1454 est
1507 1409 1553 1456 en
1573 1383 1617 1454 tie

215 1527 285 1603 per
303 1502 366 1594 tie,
388 1501 437 1600 et]
451 1526 496 1574 en
518 1501 673 1600 homage
693 1502 782 1597 lige,
802 1517 879 1574 tant
902 1503 949 1574 de
973 1526 1042 1574 nos
1064 1503 1268 1575 fortereices
1293 1483 1437 1578 com'me
1465 1505 1511 1576 de
1537 1521 1618 1578 tout

214 1643 319 1702 autre
336 1627 445 1701 chose
464 1652 535 1724 que
556 1651 651 1698 nous
668 1642 799 1700 tenons
815 1653 861 1700 en
881 1627 1041 1724 beritage
1061 1627 1252 1702 et'devons
1277 1631 1384 1701 tenir.
1402 1635 1446 1701 Et
1463 1653 1559 1728 pour
1577 1655 1618 1702 ce

214 1777 288 1852 que
302 1769 396 1824 ceste
407 1752 516 1824 chose
534 1751 603 1823 soit
620 1751 733 1822 ferme
753 1766 790 1823 et
809 1751 943 1824 estable
958 1777 1025 1850 per
1038 1777 1132 1824 nous
1144 1767 1180 1823 et
1193 1777 1261 1850 par
1273 1777 1341 1824 nos
1354 1753 1470 1844 hoirs,
1491 1755 1526 1824 e't
1546 1777 1618 1851 que
1677 1835 1679 1839 v

215 1877 279 1950 nul
295 1902 342 1950 ne
355 1877 475 1976 puisse
492 1873 613 1948 alleri
630 1873 849 1966 l’encontre,
863 1900 957 1946 nous
970 1899 1082 1946 avons
1095 1875 1195 1948 leites
1215 1899 1274 1948 ces
1293 1892 1477 1974 presentes
1497 1877 1618 1948 lettres

213 1999 358 2074 se‘elltes
377 2001 423 2072 de
441 2015 566 2072 nostre
582 2015 687 2094 grant
699 1997 770 2072 seel
783 1997 947 2097 pendant
960 2014 994 2070 et
1008 1998 1182 2072 delivre'es
1198 1998 1218 2071 h
1236 1999 1346 2072 ludite
1360 2016 1482 2073 nostre
1496 1999 1631 2073 chiere'

214 2126 435 2224 compaigne
451 2124 486 2196 la
502 2141 689 2198 comtesse.

264 2254 340 2322 «Et
358 2250 378 2322 h
396 2249 479 2350 plus
489 2265 594 2347 grant
613 2248 761 2322 fermete
774 2263 810 2320 et
823 2273 919 2348 pour
938 2273 1011 2346 que
1030 2264 1124 2322 ceste
1146 2249 1257 2322 chose
1278 2251 1349 2322 soit
1373 2251 1456 2350 plus
1468 2249 1616 2354 estable,

214 2397 309 2446 nous
326 2397 438 2447 avons
455 2376 577 2471 requis
599 2372 632 2444 le
653 2370 724 2444 tres
740 2371 852 2481 noble
864 2387 901 2444 et
921 2373 1011 2464 haut
1029 2374 1208 2469 seigneur,
1226 2389 1348 2446 nostre
1362 2373 1437 2446 bon
1452 2375 1619 2471 seigneur

214 2513 249 2570 et
262 2501 402 2587 consur,
431 2498 687 2593 monseigneur
712 2495 876 2594 Philippe
890 2495 936 2568 de
955 2498 1104 2586 Savoie,
1118 2499 1246 2594 prince
1271 2495 1459 2586 d’llchete,
1481 2511 1517 2568 et
1541 2523 1618 2569 ma·

214 2624 321 2696 dasne
347 2622 515 2713 lsabeau,
540 2623 722 2721 princesse
749 2621 795 2694 de
815 2621 905 2694 celle
924 2623 1073 2692 meisme
1086 2621 1255 2719 princrie,
1275 2636 1390 2692 nostre
1404 2621 1517 2692 clriore
1536 2647 1618 2692 cou-

213 2751 305 2840 sine,
329 2773 402 2846 que
422 2747 464 2820 ils
481 2748 650 2820 meissent
664 2747 760 2818 leurs
779 2771 882 2820 seaus
906 2772 952 2818 en
973 2771 1033 2818 ces
1054 2761 1238 2844 presentes
1258 2745 1399 2816 leictres
1413 2769 1619 2842 aveucques

214 2873 267 2946 les
281 2889 440 2964 nostres,
462 2897 507 2944 en
528 2871 784 2944 consermance
798 2871 844 2944 de
867 2871 990 2944 verite.

261 3029 279 3066 1
295 3003 339 3070 Et
355 3021 555 3096 requerons
575 2983 667 3070 aussi
684 2997 718 3069 le
742 2996 916 3070 reverend
934 3021 1021 3096 pere
1034 3021 1078 3068 en
1097 2997 1211 3086 Dieu,
1226 2995 1482 3091 monseigneur
1504 2999 1616 3082 Jean,

212 3123 456 3220 archevesque
468 3123 514 3195 de
529 3127 649 3195 Patras
660 3176 670 3213 ,
683 3147 750 3222 pur
760 3122 796 3196 la
813 3147 918 3218 grece
936 3121 982 3194 de
995 3125 1106 3211 Dieu,
1124 3137 1239 3193 nostre
1251 3119 1448 3214 elierstere
1460 3120 1493 3190 le
1502 3119 1622 3219 grund

212 3248 449 3339 mnnestable,
471 3263 593 3322 nostre
610 3248 685 3320 hon
704 3249 774 3320 ami
798 3247 832 3319 le
851 3246 1034 3320 chevalier
1053 3248 1311 3341 monseigneur
1330 3244 1410 3318 Gile
1428 3244 1475 3315 de
1497 3249 1618 3340 lagny

213 3389 248 3446 ct
269 3377 523 3471 monseignour
549 3374 671 3447 Girart
697 3370 742 3443 de
763 3370 964 3467 Lambruy,
989 3396 1062 3468 que
1083 3371 1126 3442 ils
1149 3385 1301 3442 mettent
1327 3369 1424 3440 leurs
1443 3391 1545 3439 senus
1570 3393 1616 3439 en

213 3522 272 3572 ces
287 3514 471 3596 presentes
495 3497 616 3570 lettres
636 3521 681 3568 en
699 3495 965 3591 tesmoignance
979 3494 1025 3566 de
1043 3495 1165 3566 verite'.

264 3777 282 3814 α
300 3753 343 3819 Et
363 3773 457 3820 nous
467 3745 649 3846 Philippes
668 3745 714 3818 de
731 3745 879 3835 savoie,
901 3743 1027 3843 prince
1047 3740 1233 3830 d'llchate,
1257 3739 1419 3830 lsabieu,
1438 3739 1618 3837 princesse

214 3871 261 3943 ‹le
275 3871 364 3944 celle
381 3872 530 3943 meisme
549 3869 720 3969 princes,
737 3869 852 3942 lehan
867 3893 935 3967 par
955 3867 991 3940 la
1008 3891 1113 3963 grace
1133 3864 1179 3938 de
1197 3865 1289 3936 Dieu
1306 3861 1550 3959 arohevesque
1572 3862 1619 3933 de

215 4002 350 4088 Patras,
373 3996 574 4096 Englebett,
604 3995 720 4094 grand
743 3992 962 4066 connestable
983 3991 1027 4062 cle
1058 3989 1190 4061 ludite
1218 3991 1376 4088 prinde,
1410 3987 1616 4083 Benjnmin,

200 4121 418 4194 .chancelier
441 4121 487 4192 de
509 4119 599 4193 celle
628 4119 793 4219 princes,
818 4117 898 4193 Gile
921 4119 967 4190 de
989 4117 1123 4212 Iaiguy
1149 4129 1184 4187 et
1208 4115 1330 4186 Girart
1350 4111 1396 4184 de
1418 4111 1618 4208 Lambruy,

213 4245 434 4335 chevaliers,
448 4243 515 4317 1111
529 4259 695 4341 requeste
709 4243 756 4316 de
775 4240 845 4314 tres
862 4242 1024 4340 puissaut
1037 4255 1072 4310 et
1091 4238 1201 4310 noble
1216 4237 1472 4332 monseigneur
1490 4233 1619 4320 1111111,

215 4385 335 4441 comte
352 4369 486 4467 palatin
510 4367 634 4440 dessus
653 4367 728 4456 dit,
750 4391 863 4439 avons
883 4365 950 4436 mis
970 4379 1092 4434 nostre
1112 4387 1247 4460 propre
1265 4385 1367 4431 seaus
1389 4357 1552 4456 pendens
1574 4381 1619 4427 en

213 4519 272 4566 ces
283 4507 467 4592 presentes
476 4492 605 4574 leitres,
627 4517 671 4562 en
688 4491 955 4586 tesmoignance
970 4487 1015 4557 de
1032 4484 1154 4556 verite.

263 4647 281 4682 α
300 4616 469 4689 Donne'es
493 4631 528 4688 et
545 4616 691 4687 escrites
713 4611 955 4686 hClareuceir
976 4626 1055 4708 sept
1069 4610 1172 4704 jours
1188 4608 1239 4678 du
1267 4606 1358 4676 mois
1371 4603 1498 4676 d’avril
1518 4603 1564 4675 de
1590 4603 1620 4676 11

212 4741 369 4816 seconde
385 4742 560 4826 indicion,
582 4737 654 4811 l'au
680 4739 725 4810 de
748 4737 1009 4809 l'incernacion
1032 4735 1135 4817 1304.
1160 4763 1178 4796 11

260 4873 313 4939 En
335 4867 540 4940 re'unissant
556 4865 607 4936 les
628 4864 919 4958 renseignemens
944 4858 1085 4929 sournis
1097 4880 1163 4954 par
1177 4870 1234 4927 cet
1250 4869 1328 4928 ecte
1341 4877 1428 4925 avec
1442 4878 1532 4929 ceux
1556 4855 1620 4952 qui

212 5019 270 5066 me
288 5009 371 5066 sont
385 4992 527 5065 donnes
540 5017 607 5090 par
621 4991 656 5062 la
682 4988 879 5086 Cluonique
891 4983 935 5055 de
952 4985 1064 5054 illorte'e
1078 4995 1113 5052 et
1127 5003 1193 5078 per
1207 4978 1411 5078 Nicephore
1424 4979 1618 5076 Gre'goras,

211 5119 304 5192 voici
328 5118 377 5190 les
390 5117 483 5192 seuls
506 5115 584 5186 faits
598 5141 646 5211 qu
655 5113 687 5184 ’il
708 5111 776 5184 nr'a
797 5108 851 5182 r'te
869 5105 1024 5209 possible
1039 5105 1084 5178 de
1100 5119 1281 5176 constater
1301 5132 1307 5173 :

334 5252 372 5306 t'·
390 5259 526 5306 1111111.
1443 5229 1480 5287 ts
