<?xml version="1.0" encoding="UTF-8"?>
<!DOCTYPE html PUBLIC "-//W3C//DTD XHTML 1.0 Transitional//EN"
    "http://www.w3.org/TR/xhtml1/DTD/xhtml1-transitional.dtd">
<html xmlns="http://www.w3.org/1999/xhtml" xml:lang="en" lang="en">
 <head>
  <title>
</title>
<meta http-equiv="Content-Type" content="text/html;charset=utf-8" />
  <meta name='ocr-system' content='tesseract 3.04.00' />
  <meta name='ocr-capabilities' content='ocr_page ocr_carea ocr_par ocr_line ocrx_word'/>
</head>
<body>
  <div class='ocr_page' id='page_1' title='image "./recherchesetmat00henrgoog_0190.png"; bbox 0 0 3846 6044; ppageno 0'>
   <div class='ocr_carea' id='block_1_1' title="bbox 35 599 1536 849">
    <p class='ocr_par' dir='ltr' id='par_1_1' title="bbox 35 599 1536 849">
     <span class='ocr_line' id='line_1_1' title="bbox 256 599 1536 682; baseline 0.001 -1"><span class='ocrx_word' id='word_1_1' title='bbox 256 617 497 682; x_wconf 72' lang='lat' dir='ltr'><strong>curamonta</strong></span> <span class='ocrx_word' id='word_1_2' title='bbox 518 620 558 680; x_wconf 62' lang='lat' dir='ltr'><strong>ru·</strong></span> <span class='ocrx_word' id='word_1_3' title='bbox 584 619 641 680; x_wconf 84' lang='lat' dir='ltr'><strong>on</strong></span> <span class='ocrx_word' id='word_1_4' title='bbox 658 617 982 682; x_wconf 70' lang='lat' dir='ltr'><strong>arma-manum</strong></span> <span class='ocrx_word' id='word_1_5' title='bbox 995 619 1155 682; x_wconf 78' lang='lat' dir='ltr'><strong>ramea</strong></span> <span class='ocrx_word' id='word_1_6' title='bbox 1174 620 1228 680; x_wconf 77' lang='lat' dir='ltr'><strong>ns</strong></span> <span class='ocrx_word' id='word_1_7' title='bbox 1248 599 1402 682; x_wconf 73' lang='lat' dir='ltr'><strong>moade.</strong></span> <span class='ocrx_word' id='word_1_8' title='bbox 1478 623 1536 682; x_wconf 82' lang='lat' dir='ltr'><strong>m</strong></span> 
     </span>
     <span class='ocr_line' id='line_1_2' title="bbox 35 741 1535 849; baseline 0.001 -26"><span class='ocrx_word' id='word_1_9' title='bbox 35 741 36 808; x_wconf 68' lang='grc' dir='ltr'>Ῐ</span> <span class='ocrx_word' id='word_1_10' title='bbox 142 748 247 846; x_wconf 81' lang='lat' dir='ltr'><strong>grand</strong></span> <span class='ocrx_word' id='word_1_11' title='bbox 265 749 511 840; x_wconf 74' lang='lat' dir='ltr'><strong>chambellan,</strong></span> <span class='ocrx_word' id='word_1_12' title='bbox 531 765 568 823; x_wconf 88' lang='lat' dir='ltr'><strong>et</strong></span> <span class='ocrx_word' id='word_1_13' title='bbox 585 749 835 824; x_wconf 83' lang='lat' dir='ltr'><strong>l’archidiacre</strong></span> <span class='ocrx_word' id='word_1_14' title='bbox 848 751 900 824; x_wconf 90' lang='lat' dir='ltr'><strong>du</strong></span> <span class='ocrx_word' id='word_1_15' title='bbox 921 750 1033 849; x_wconf 75' lang='lat' dir='ltr'><strong>paleis</strong></span> <span class='ocrx_word' id='word_1_16' title='bbox 1046 749 1160 840; x_wconf 64' lang='lat' dir='ltr'><strong>leon,</strong></span> <span class='ocrx_word' id='word_1_17' title='bbox 1179 752 1253 822; x_wconf 85' lang='lat' dir='ltr'><strong>afi&#39;n</strong></span> <span class='ocrx_word' id='word_1_18' title='bbox 1275 750 1321 822; x_wconf 89' lang='lat' dir='ltr'><strong>de</strong></span> <span class='ocrx_word' id='word_1_19' title='bbox 1334 749 1535 840; x_wconf 79' lang='lat' dir='ltr'><strong>demandes</strong></span> 
     </span>
    </p>
   </div>
   <div class='ocr_carea' id='block_1_2' title="bbox 34 873 1534 975">
    <p class='ocr_par' dir='ltr' id='par_1_2' title="bbox 34 873 1534 975">
     <span class='ocr_line' id='line_1_3' title="bbox 34 873 1534 975; baseline -0.001 -25"><span class='ocrx_word' id='word_1_20' title='bbox 34 961 35 970; x_wconf 9' lang='grc' dir='ltr'>ἶ</span> <span class='ocrx_word' id='word_1_21' title='bbox 141 901 201 950; x_wconf 82' lang='lat' dir='ltr'><strong>aux</strong></span> <span class='ocrx_word' id='word_1_22' title='bbox 218 875 356 950; x_wconf 69' lang='lat' dir='ltr'><strong>Genois</strong></span> <span class='ocrx_word' id='word_1_23' title='bbox 380 875 413 947; x_wconf 89' lang='lat' dir='ltr'><strong>le</strong></span> <span class='ocrx_word' id='word_1_24' title='bbox 433 873 638 950; x_wconf 87' lang='lat' dir='ltr'><strong>secoursde</strong></span> <span class='ocrx_word' id='word_1_25' title='bbox 657 875 739 948; x_wconf 90' lang='lat' dir='ltr'><strong>leur</strong></span> <span class='ocrx_word' id='word_1_26' title='bbox 764 877 905 948; x_wconf 89' lang='lat' dir='ltr'><strong>marine</strong></span> <span class='ocrx_word' id='word_1_27' title='bbox 926 901 1023 975; x_wconf 88' lang='lat' dir='ltr'><strong>pour</strong></span> <span class='ocrx_word' id='word_1_28' title='bbox 1042 877 1122 974; x_wconf 79' lang='lat' dir='ltr'><strong>prix</strong></span> <span class='ocrx_word' id='word_1_29' title='bbox 1146 875 1421 973; x_wconf 76' lang='lat' dir='ltr'><strong>des&#39;a&#39;uantages</strong></span> <span class='ocrx_word' id='word_1_30' title='bbox 1444 877 1534 974; x_wconf 90' lang='lat' dir='ltr'><strong>qu’il</strong></span> 
     </span>
    </p>
   </div>
   <div class='ocr_carea' id='block_1_3' title="bbox 139 999 1624 4480">
    <p class='ocr_par' dir='ltr' id='par_1_3' title="bbox 140 999 1535 1476">
     <span class='ocr_line' id='line_1_4' title="bbox 141 999 1535 1100; baseline 0.002 -27"><span class='ocrx_word' id='word_1_31' title='bbox 141 1001 252 1074; x_wconf 86' lang='lat' dir='ltr'><strong>offrait</strong></span> <span class='ocrx_word' id='word_1_32' title='bbox 271 1001 292 1073; x_wconf 77' lang='lat' dir='ltr'><strong>t</strong></span> <span class='ocrx_word' id='word_1_33' title='bbox 312 1001 390 1074; x_wconf 91' lang='lat' dir='ltr'><strong>leur</strong></span> <span class='ocrx_word' id='word_1_34' title='bbox 409 1025 625 1074; x_wconf 90' lang='lat' dir='ltr'><strong>commerce.</strong></span> <span class='ocrx_word' id='word_1_35' title='bbox 643 1007 709 1074; x_wconf 86' lang='lat' dir='ltr'><strong>Ces</strong></span> <span class='ocrx_word' id='word_1_36' title='bbox 725 999 1231 1074; x_wconf 75' lang='lat' dir='ltr'><strong>ambassadeurstrouvdrent</strong></span> <span class='ocrx_word' id='word_1_37' title='bbox 1250 1001 1301 1074; x_wconf 89' lang='lat' dir='ltr'><strong>les</strong></span> <span class='ocrx_word' id='word_1_38' title='bbox 1323 1003 1452 1100; x_wconf 88' lang='lat' dir='ltr'><strong>esp&#39;rits</strong></span> <span class='ocrx_word' id='word_1_39' title='bbox 1472 1002 1535 1076; x_wconf 88' lang='lat' dir='ltr'><strong>des</strong></span> 
     </span>
     <span class='ocr_line' id='line_1_5' title="bbox 140 1123 1535 1224; baseline 0 -24"><span class='ocrx_word' id='word_1_40' title='bbox 140 1125 266 1200; x_wconf 73' lang='lat' dir='ltr'><strong>Genois</strong></span> <span class='ocrx_word' id='word_1_41' title='bbox 280 1123 529 1224; x_wconf 69' lang='lat' dir='ltr'><strong>mes-disposds</strong></span> <span class='ocrx_word' id='word_1_42' title='bbox 542 1126 562 1198; x_wconf 72' lang='lat' dir='ltr'><strong>*a</strong></span> <span class='ocrx_word' id='word_1_43' title='bbox 577 1141 669 1198; x_wconf 89' lang='lat' dir='ltr'><strong>cette</strong></span> <span class='ocrx_word' id='word_1_44' title='bbox 681 1125 844 1216; x_wconf 84' lang='lat' dir='ltr'><strong>alliance,</strong></span> <span class='ocrx_word' id='word_1_45' title='bbox 863 1128 929 1224; x_wconf 89' lang='lat' dir='ltr'><strong>qui</strong></span> <span class='ocrx_word' id='word_1_46' title='bbox 949 1128 1089 1200; x_wconf 86' lang='lat' dir='ltr'><strong>mettait</strong></span> <span class='ocrx_word' id='word_1_47' title='bbox 1101 1141 1205 1199; x_wconf 88' lang='lat' dir='ltr'><strong>entre</strong></span> <span class='ocrx_word' id='word_1_48' title='bbox 1224 1127 1319 1200; x_wconf 86' lang='lat' dir='ltr'><strong>leurs</strong></span> <span class='ocrx_word' id='word_1_49' title='bbox 1340 1129 1457 1200; x_wconf 84' lang='lat' dir='ltr'><strong>mains</strong></span> <span class='ocrx_word' id='word_1_50' title='bbox 1471 1128 1535 1200; x_wconf 85' lang='lat' dir='ltr'><strong>des</strong></span> 
     </span>
     <span class='ocr_line' id='line_1_6' title="bbox 142 1251 1535 1350; baseline 0 -26"><span class='ocrx_word' id='word_1_51' title='bbox 142 1276 282 1348; x_wconf 83' lang='lat' dir='ltr'><strong>moyens</strong></span> <span class='ocrx_word' id='word_1_52' title='bbox 300 1275 490 1324; x_wconf 82' lang='lat' dir='ltr'><strong>nouveaux</strong></span> <span class='ocrx_word' id='word_1_53' title='bbox 502 1252 685 1350; x_wconf 84' lang='lat' dir='ltr'><strong>d’attaque</strong></span> <span class='ocrx_word' id='word_1_54' title='bbox 698 1268 826 1326; x_wconf 82' lang='lat' dir='ltr'><strong>contre</strong></span> <span class='ocrx_word' id='word_1_55' title='bbox 841 1251 937 1324; x_wconf 86' lang='lat' dir='ltr'><strong>leurs</strong></span> <span class='ocrx_word' id='word_1_56' title='bbox 953 1253 1093 1326; x_wconf 83' lang='lat' dir='ltr'><strong>rivaux.</strong></span> <span class='ocrx_word' id='word_1_57' title='bbox 1106 1257 1154 1325; x_wconf 87' lang='lat' dir='ltr'><strong>La</strong></span> <span class='ocrx_word' id='word_1_58' title='bbox 1167 1252 1380 1350; x_wconf 88' lang='lat' dir='ltr'><strong>Chronique</strong></span> <span class='ocrx_word' id='word_1_59' title='bbox 1394 1252 1440 1326; x_wconf 87' lang='lat' dir='ltr'><strong>de</strong></span> <span class='ocrx_word' id='word_1_60' title='bbox 1454 1253 1535 1326; x_wconf 82' lang='lat' dir='ltr'><strong>Caf-</strong></span> 
     </span>
     <span class='ocr_line' id='line_1_7' title="bbox 141 1376 1484 1476; baseline 0.003 -30"><span class='ocrx_word' id='word_1_61' title='bbox 141 1377 207 1448; x_wconf 87' lang='lat' dir='ltr'><strong>fam</strong></span> <span class='ocrx_word' id='word_1_62' title='bbox 221 1376 393 1476; x_wconf 81' lang='lat' dir='ltr'><strong>explique</strong></span> <span class='ocrx_word' id='word_1_63' title='bbox 407 1376 618 1452; x_wconf 86' lang='lat' dir='ltr'><strong>clairement</strong></span> <span class='ocrx_word' id='word_1_64' title='bbox 637 1403 678 1450; x_wconf 92' lang='lat' dir='ltr'><strong>ce</strong></span> <span class='ocrx_word' id='word_1_65' title='bbox 691 1379 898 1450; x_wconf 71' lang='lat' dir='ltr'>sentiment.</span> <span class='ocrx_word' id='word_1_66' title='bbox 913 1419 963 1432; x_wconf 92' lang='lat'><em>-</em></span> <span class='ocrx_word' id='word_1_67' title='bbox 977 1381 1035 1450; x_wconf 90' lang='lat' dir='ltr'><strong>On</strong></span> <span class='ocrx_word' id='word_1_68' title='bbox 1053 1403 1075 1475; x_wconf 89' lang='lat' dir='ltr'><strong>y</strong></span> <span class='ocrx_word' id='word_1_69' title='bbox 1093 1377 1157 1450; x_wconf 88' lang='lat' dir='ltr'><strong>lit¹</strong></span> <span class='ocrx_word' id='word_1_70' title='bbox 1176 1403 1261 1450; x_wconf 90' lang='lat' dir='ltr'><strong>sous</strong></span> <span class='ocrx_word' id='word_1_71' title='bbox 1274 1377 1345 1450; x_wconf 85' lang='lat' dir='ltr'><strong>l&#39;an</strong></span> <span class='ocrx_word' id='word_1_72' title='bbox 1366 1377 1452 1452; x_wconf 76' lang='lat'>1261</span> <span class='ocrx_word' id='word_1_73' title='bbox 1475 1406 1484 1450; x_wconf 91' lang='lat'>:</span> 
     </span>
    </p>

    <p class='ocr_par' dir='ltr' id='par_1_4' title="bbox 139 1501 1624 4480">
     <span class='ocr_line' id='line_1_8' title="bbox 182 1501 1536 1599; baseline 0.004 -32"><span class='ocrx_word' id='word_1_74' title='bbox 182 1531 199 1566; x_wconf 71' lang='grc' dir='ltr'>ι</span> <span class='ocrx_word' id='word_1_75' title='bbox 218 1506 262 1572; x_wconf 88' lang='lat' dir='ltr'><strong>ln</strong></span> <span class='ocrx_word' id='word_1_76' title='bbox 280 1502 360 1599; x_wconf 89' lang='lat' dir='ltr'><strong>ipso</strong></span> <span class='ocrx_word' id='word_1_77' title='bbox 376 1525 476 1572; x_wconf 87' lang='lat' dir='ltr'><strong>anno</strong></span> <span class='ocrx_word' id='word_1_78' title='bbox 488 1507 686 1574; x_wconf 82' lang='lat' dir='ltr'><strong>lanuenses</strong></span> <span class='ocrx_word' id='word_1_79' title='bbox 699 1527 867 1574; x_wconf 75' lang='lat' dir='ltr'><strong>memores</strong></span> <span class='ocrx_word' id='word_1_80' title='bbox 883 1501 1089 1599; x_wconf 76' lang='lat' dir='ltr'><strong>insirn‘crncn</strong></span> <span class='ocrx_word' id='word_1_81' title='bbox 1104 1501 1345 1596; x_wconf 77' lang='lat' dir='ltr'><strong>eirfcctarum</strong></span> <span class='ocrx_word' id='word_1_82' title='bbox 1358 1503 1536 1576; x_wconf 61' lang='lat' dir='ltr'><strong>avonem</strong></span> 
     </span>
     <span class='ocr_line' id='line_1_9' title="bbox 140 1625 1538 1725; baseline 0.003 -29"><span class='ocrx_word' id='word_1_83' title='bbox 140 1639 170 1696; x_wconf 87' lang='lat' dir='ltr'><strong>et</strong></span> <span class='ocrx_word' id='word_1_84' title='bbox 189 1649 317 1698; x_wconf 87' lang='lat' dir='ltr'><strong>eorum</strong></span> <span class='ocrx_word' id='word_1_85' title='bbox 336 1625 579 1724; x_wconf 88' lang='lat' dir='ltr'><strong>complicibus</strong></span> <span class='ocrx_word' id='word_1_86' title='bbox 604 1628 642 1698; x_wconf 92' lang='lat' dir='ltr'><strong>in</strong></span> <span class='ocrx_word' id='word_1_87' title='bbox 663 1627 829 1725; x_wconf 87' lang='lat' dir='ltr'><strong>partibus</strong></span> <span class='ocrx_word' id='word_1_88' title='bbox 854 1626 1119 1715; x_wconf 82' lang='lat' dir='ltr'><strong>ultramarinis,</strong></span> <span class='ocrx_word' id='word_1_89' title='bbox 1134 1629 1293 1698; x_wconf 73' lang='lat' dir='ltr'><strong>comtum</strong></span> <span class='ocrx_word' id='word_1_90' title='bbox 1319 1625 1538 1700; x_wconf 73' lang='lat' dir='ltr'><strong>mtendemnt</strong></span> 
     </span>
     <span class='ocr_line' id='line_1_10' title="bbox 140 1748 1538 1849; baseline 0.002 -28"><span class='ocrx_word' id='word_1_91' title='bbox 140 1748 184 1820; x_wconf 83' lang='lat' dir='ltr'><strong>od</strong></span> <span class='ocrx_word' id='word_1_92' title='bbox 198 1775 258 1822; x_wconf 83' lang='lat' dir='ltr'><strong>eor</strong></span> <span class='ocrx_word' id='word_1_93' title='bbox 271 1748 480 1848; x_wconf 58' lang='lat' dir='ltr'><strong>osffrgeudot</strong></span> <span class='ocrx_word' id='word_1_94' title='bbox 495 1750 607 1822; x_wconf 83' lang='lat' dir='ltr'><strong>modis</strong></span> <span class='ocrx_word' id='word_1_95' title='bbox 621 1750 781 1822; x_wconf 72' lang='lat' dir='ltr'><strong>omullus</strong></span> <span class='ocrx_word' id='word_1_96' title='bbox 794 1749 920 1849; x_wconf 78' lang='lat' dir='ltr'><strong>qm&#39;bus</strong></span> <span class='ocrx_word' id='word_1_97' title='bbox 928 1766 1085 1848; x_wconf 80' lang='lat' dir='ltr'><strong>possent.</strong></span> <span class='ocrx_word' id='word_1_98' title='bbox 1098 1755 1143 1822; x_wconf 84' lang='lat' dir='ltr'><strong>Et</strong></span> <span class='ocrx_word' id='word_1_99' title='bbox 1156 1749 1225 1842; x_wconf 76' lang='lat' dir='ltr'><strong>nt,</strong></span> <span class='ocrx_word' id='word_1_100' title='bbox 1239 1750 1439 1824; x_wconf 80' lang='lat' dir='ltr'><strong>deliberato</strong></span> <span class='ocrx_word' id='word_1_101' title='bbox 1452 1775 1538 1824; x_wconf 91' lang='lat' dir='ltr'><strong>con-</strong></span> 
     </span>
     <span class='ocr_line' id='line_1_11' title="bbox 140 1873 1536 1978; baseline 0.001 -32"><span class='ocrx_word' id='word_1_102' title='bbox 140 1873 226 1978; x_wconf 80' lang='lat' dir='ltr'><strong>silio,</strong></span> <span class='ocrx_word' id='word_1_103' title='bbox 244 1875 376 1972; x_wconf 86' lang='lat' dir='ltr'><strong>legatio</strong></span> <span class='ocrx_word' id='word_1_104' title='bbox 397 1874 569 1948; x_wconf 88' lang='lat' dir='ltr'><strong>solemnis</strong></span> <span class='ocrx_word' id='word_1_105' title='bbox 592 1875 658 1948; x_wconf 90' lang='lat' dir='ltr'><strong>fuit</strong></span> <span class='ocrx_word' id='word_1_106' title='bbox 678 1873 865 1966; x_wconf 86' lang='lat' dir='ltr'><strong>ordinata,</strong></span> <span class='ocrx_word' id='word_1_107' title='bbox 885 1878 991 1949; x_wconf 70' lang='lat' dir='ltr'><strong>nun</strong></span> <span class='ocrx_word' id='word_1_108' title='bbox 1015 1875 1184 1948; x_wconf 87' lang='lat' dir='ltr'><strong>mittendi</strong></span> <span class='ocrx_word' id='word_1_109' title='bbox 1203 1876 1249 1949; x_wconf 86' lang='lat' dir='ltr'><strong>ad</strong></span> <span class='ocrx_word' id='word_1_110' title='bbox 1269 1878 1536 1950; x_wconf 75' lang='lat' dir='ltr'><strong>serenissimum</strong></span> 
     </span>
     <span class='ocr_line' id='line_1_12' title="bbox 141 1999 1536 2099; baseline 0.001 -28"><span class='ocrx_word' id='word_1_111' title='bbox 141 1999 325 2072; x_wconf 91' lang='lat' dir='ltr'><strong>dominum</strong></span> <span class='ocrx_word' id='word_1_112' title='bbox 341 1999 569 2097; x_wconf 83' lang='lat' dir='ltr'><strong>Paleologum</strong></span> <span class='ocrx_word' id='word_1_113' title='bbox 590 2002 848 2099; x_wconf 81' lang='lat' dir='ltr'><strong>imperatorem</strong></span> <span class='ocrx_word' id='word_1_114' title='bbox 861 2005 1065 2074; x_wconf 89' lang='lat' dir='ltr'><strong>Grecorum</strong></span> <span class='ocrx_word' id='word_1_115' title='bbox 1088 2002 1151 2098; x_wconf 92' lang='lat' dir='ltr'><strong>qui</strong></span> <span class='ocrx_word' id='word_1_116' title='bbox 1171 2023 1257 2074; x_wconf 88' lang='lat' dir='ltr'><strong>cum</strong></span> <span class='ocrx_word' id='word_1_117' title='bbox 1271 2001 1417 2074; x_wconf 87' lang='lat' dir='ltr'><strong>Venetis</strong></span> <span class='ocrx_word' id='word_1_118' title='bbox 1430 2023 1536 2096; x_wconf 82' lang='lat' dir='ltr'><strong>guer-</strong></span> 
     </span>
     <span class='ocr_line' id='line_1_13' title="bbox 142 2123 1535 2216; baseline 0.001 -20"><span class='ocrx_word' id='word_1_119' title='bbox 142 2147 209 2196; x_wconf 86' lang='lat' dir='ltr'><strong>ram</strong></span> <span class='ocrx_word' id='word_1_120' title='bbox 226 2123 401 2216; x_wconf 86' lang='lat' dir='ltr'><strong>babebat,</strong></span> <span class='ocrx_word' id='word_1_121' title='bbox 415 2123 462 2198; x_wconf 89' lang='lat' dir='ltr'><strong>ad</strong></span> <span class='ocrx_word' id='word_1_122' title='bbox 475 2124 680 2198; x_wconf 84' lang='lat' dir='ltr'><strong>faciendam</strong></span> <span class='ocrx_word' id='word_1_123' title='bbox 703 2123 1037 2198; x_wconf 82' lang='lat' dir='ltr'><strong>confederationem</strong></span> <span class='ocrx_word' id='word_1_124' title='bbox 1054 2149 1140 2198; x_wconf 91' lang='lat' dir='ltr'><strong>cum</strong></span> <span class='ocrx_word' id='word_1_125' title='bbox 1156 2149 1201 2197; x_wconf 89' lang='lat' dir='ltr'><strong>eo</strong></span> <span class='ocrx_word' id='word_1_126' title='bbox 1220 2136 1349 2198; x_wconf 84' lang='lat' dir='ltr'><strong>contra</strong></span> <span class='ocrx_word' id='word_1_127' title='bbox 1364 2127 1535 2198; x_wconf 86' lang='lat' dir='ltr'><strong>Venetos.</strong></span> 
     </span>
     <span class='ocr_line' id='line_1_14' title="bbox 141 2249 1537 2348; baseline 0.002 -28"><span class='ocrx_word' id='word_1_128' title='bbox 141 2253 178 2320; x_wconf 83' lang='lat' dir='ltr'><strong>Et</strong></span> <span class='ocrx_word' id='word_1_129' title='bbox 196 2249 346 2322; x_wconf 89' lang='lat' dir='ltr'><strong>fuerunt</strong></span> <span class='ocrx_word' id='word_1_130' title='bbox 367 2253 465 2323; x_wconf 84' lang='lat' dir='ltr'><strong>missi</strong></span> <span class='ocrx_word' id='word_1_131' title='bbox 486 2249 533 2322; x_wconf 84' lang='lat' dir='ltr'><strong>ad</strong></span> <span class='ocrx_word' id='word_1_132' title='bbox 557 2249 720 2348; x_wconf 86' lang='lat' dir='ltr'><strong>predicta</strong></span> <span class='ocrx_word' id='word_1_133' title='bbox 740 2249 879 2346; x_wconf 84' lang='lat' dir='ltr'><strong>agenda</strong></span> <span class='ocrx_word' id='word_1_134' title='bbox 901 2251 972 2322; x_wconf 78' lang='lat' dir='ltr'><strong>viri</strong></span> <span class='ocrx_word' id='word_1_135' title='bbox 992 2249 1150 2342; x_wconf 89' lang='lat' dir='ltr'><strong>nobiles,</strong></span> <span class='ocrx_word' id='word_1_136' title='bbox 1170 2249 1373 2326; x_wconf 82' lang='lat' dir='ltr'><strong>Guilelmus</strong></span> <span class='ocrx_word' id='word_1_137' title='bbox 1385 2251 1537 2323; x_wconf 90' lang='lat' dir='ltr'><strong>Viceco·</strong></span> 
     </span>
     <span class='ocr_line' id='line_1_15' title="bbox 141 2371 1538 2473; baseline 0.001 -28"><span class='ocrx_word' id='word_1_138' title='bbox 141 2397 208 2446; x_wconf 86' lang='lat' dir='ltr'><strong>mes</strong></span> <span class='ocrx_word' id='word_1_139' title='bbox 224 2390 261 2446; x_wconf 89' lang='lat' dir='ltr'><strong>et</strong></span> <span class='ocrx_word' id='word_1_140' title='bbox 273 2375 496 2448; x_wconf 85' lang='lat' dir='ltr'><strong>Guamerius</strong></span> <span class='ocrx_word' id='word_1_141' title='bbox 512 2374 642 2464; x_wconf 82' lang='lat' dir='ltr'><strong>ludex,</strong></span> <span class='ocrx_word' id='word_1_142' title='bbox 663 2373 839 2446; x_wconf 89' lang='lat' dir='ltr'><strong>habentes</strong></span> <span class='ocrx_word' id='word_1_143' title='bbox 853 2371 1002 2472; x_wconf 81' lang='lat' dir='ltr'><strong>plenam</strong></span> <span class='ocrx_word' id='word_1_144' title='bbox 1012 2389 1224 2473; x_wconf 86' lang='lat' dir='ltr'><strong>petestatem</strong></span> <span class='ocrx_word' id='word_1_145' title='bbox 1239 2373 1486 2472; x_wconf 90' lang='lat' dir='ltr'><strong>componendi</strong></span> <span class='ocrx_word' id='word_1_146' title='bbox 1502 2390 1538 2446; x_wconf 90' lang='lat' dir='ltr'><strong>et</strong></span> 
     </span>
     <span class='ocr_line' id='line_1_16' title="bbox 141 2498 1539 2596; baseline 0 -26"><span class='ocrx_word' id='word_1_147' title='bbox 141 2498 467 2572; x_wconf 74' lang='lat' dir='ltr'><strong>confederationem</strong></span> <span class='ocrx_word' id='word_1_148' title='bbox 491 2498 647 2570; x_wconf 88' lang='lat' dir='ltr'><strong>faciendi</strong></span> <span class='ocrx_word' id='word_1_149' title='bbox 668 2521 710 2570; x_wconf 85' lang='lat' dir='ltr'><strong>ex</strong></span> <span class='ocrx_word' id='word_1_150' title='bbox 734 2513 837 2596; x_wconf 84' lang='lat' dir='ltr'><strong>parte</strong></span> <span class='ocrx_word' id='word_1_151' title='bbox 864 2499 1069 2571; x_wconf 87' lang='lat' dir='ltr'><strong>communis</strong></span> <span class='ocrx_word' id='word_1_152' title='bbox 1090 2505 1207 2572; x_wconf 84' lang='lat' dir='ltr'><strong>lanus</strong></span> <span class='ocrx_word' id='word_1_153' title='bbox 1227 2515 1355 2571; x_wconf 83' lang='lat' dir='ltr'><strong>contro</strong></span> <span class='ocrx_word' id='word_1_154' title='bbox 1382 2504 1539 2571; x_wconf 84' lang='lat' dir='ltr'><strong>Venetos</strong></span> 
     </span>
     <span class='ocr_line' id='line_1_17' title="bbox 140 2621 1536 2723; baseline 0 -29"><span class='ocrx_word' id='word_1_155' title='bbox 140 2623 348 2696; x_wconf 87' lang='lat' dir='ltr'><strong>antedictos.</strong></span> <span class='ocrx_word' id='word_1_156' title='bbox 374 2623 529 2696; x_wconf 85' lang='lat' dir='ltr'><strong>Predicti</strong></span> <span class='ocrx_word' id='word_1_157' title='bbox 564 2639 687 2696; x_wconf 87' lang='lat' dir='ltr'><strong>autem</strong></span> <span class='ocrx_word' id='word_1_158' title='bbox 715 2625 889 2696; x_wconf 88' lang='lat' dir='ltr'><strong>abeuntes</strong></span> <span class='ocrx_word' id='word_1_159' title='bbox 911 2624 958 2695; x_wconf 92' lang='lat' dir='ltr'><strong>ad</strong></span> <span class='ocrx_word' id='word_1_160' title='bbox 989 2625 1247 2723; x_wconf 86' lang='lat' dir='ltr'><strong>imperatorem</strong></span> <span class='ocrx_word' id='word_1_161' title='bbox 1276 2621 1536 2721; x_wconf 69' lang='lat' dir='ltr'><strong>jamdictum,</strong></span> 
     </span>
     <span class='ocr_line' id='line_1_18' title="bbox 140 2745 1538 2846; baseline 0.001 -28"><span class='ocrx_word' id='word_1_162' title='bbox 140 2749 196 2844; x_wconf 86' lang='lat' dir='ltr'><strong>qui</strong></span> <span class='ocrx_word' id='word_1_163' title='bbox 209 2749 308 2846; x_wconf 88' lang='lat' dir='ltr'><strong>ipsos</strong></span> <span class='ocrx_word' id='word_1_164' title='bbox 324 2745 528 2822; x_wconf 72' lang='lat' dir='ltr'><strong>honorifice</strong></span> <span class='ocrx_word' id='word_1_165' title='bbox 546 2749 697 2846; x_wconf 89' lang='lat' dir='ltr'><strong>recepit,</strong></span> <span class='ocrx_word' id='word_1_166' title='bbox 714 2748 765 2820; x_wconf 90' lang='lat' dir='ltr'><strong>eis</strong></span> <span class='ocrx_word' id='word_1_167' title='bbox 783 2747 915 2822; x_wconf 89' lang='lat' dir='ltr'><strong>multos</strong></span> <span class='ocrx_word' id='word_1_168' title='bbox 937 2747 1096 2820; x_wconf 86' lang='lat' dir='ltr'><strong>honores</strong></span> <span class='ocrx_word' id='word_1_169' title='bbox 1117 2745 1333 2846; x_wconf 85' lang='lat' dir='ltr'><strong>impendens</strong></span> <span class='ocrx_word' id='word_1_170' title='bbox 1357 2763 1394 2819; x_wconf 90' lang='lat' dir='ltr'><strong>et</strong></span> <span class='ocrx_word' id='word_1_171' title='bbox 1408 2771 1538 2845; x_wconf 86' lang='lat' dir='ltr'><strong>accep·</strong></span> 
     </span>
     <span class='ocr_line' id='line_1_19' title="bbox 141 2870 1539 2970; baseline 0.001 -29"><span class='ocrx_word' id='word_1_172' title='bbox 141 2885 211 2944; x_wconf 85' lang='lat' dir='ltr'><strong>taos</strong></span> <span class='ocrx_word' id='word_1_173' title='bbox 236 2872 422 2968; x_wconf 85' lang='lat' dir='ltr'><strong>negotium</strong></span> <span class='ocrx_word' id='word_1_174' title='bbox 446 2895 515 2968; x_wconf 89' lang='lat' dir='ltr'><strong>pro</strong></span> <span class='ocrx_word' id='word_1_175' title='bbox 540 2897 616 2969; x_wconf 81' lang='lat' dir='ltr'><strong>quo</strong></span> <span class='ocrx_word' id='word_1_176' title='bbox 640 2871 796 2962; x_wconf 83' lang='lat' dir='ltr'><strong>iverant,</strong></span> <span class='ocrx_word' id='word_1_177' title='bbox 811 2887 939 2970; x_wconf 84' lang='lat' dir='ltr'><strong>utpote</strong></span> <span class='ocrx_word' id='word_1_178' title='bbox 969 2871 1071 2969; x_wconf 77' lang='lat' dir='ltr'><strong>quod</strong></span> <span class='ocrx_word' id='word_1_179' title='bbox 1082 2876 1241 2946; x_wconf 88' lang='lat' dir='ltr'><strong>Venetos</strong></span> <span class='ocrx_word' id='word_1_180' title='bbox 1261 2873 1394 2944; x_wconf 87' lang='lat' dir='ltr'><strong>intimo</strong></span> <span class='ocrx_word' id='word_1_181' title='bbox 1419 2870 1539 2943; x_wconf 87' lang='lat' dir='ltr'><strong>cordis</strong></span> 
     </span>
     <span class='ocr_line' id='line_1_20' title="bbox 140 2993 1537 3095; baseline 0 -27"><span class='ocrx_word' id='word_1_182' title='bbox 140 3019 256 3068; x_wconf 72' lang='lat' dir='ltr'><strong>erosos</strong></span> <span class='ocrx_word' id='word_1_183' title='bbox 274 2995 480 3084; x_wconf 80' lang='lat' dir='ltr'><strong>habebant,</strong></span> <span class='ocrx_word' id='word_1_184' title='bbox 508 2993 842 3071; x_wconf 76' lang='lat' dir='ltr'><strong>confederationem</strong></span> <span class='ocrx_word' id='word_1_185' title='bbox 865 3011 901 3069; x_wconf 90' lang='lat' dir='ltr'><strong>et</strong></span> <span class='ocrx_word' id='word_1_186' title='bbox 925 3013 1029 3095; x_wconf 85' lang='lat' dir='ltr'><strong>pacta</strong></span> <span class='ocrx_word' id='word_1_187' title='bbox 1055 2998 1161 3077; x_wconf 81' lang='lat' dir='ltr'><strong>inivit</strong></span> <span class='ocrx_word' id='word_1_188' title='bbox 1181 3003 1271 3070; x_wconf 74' lang='lat' dir='ltr'><strong>‘cum</strong></span> <span class='ocrx_word' id='word_1_189' title='bbox 1293 2998 1361 3089; x_wconf 86' lang='lat' dir='ltr'><strong>eis,</strong></span> <span class='ocrx_word' id='word_1_190' title='bbox 1386 2997 1537 3094; x_wconf 77' lang='lat' dir='ltr'><strong>inqua,</strong></span> 
     </span>
     <span class='ocr_line' id='line_1_21' title="bbox 140 3121 1538 3194; baseline 0 -3"><span class='ocrx_word' id='word_1_191' title='bbox 140 3121 283 3192; x_wconf 89' lang='lat' dir='ltr'><strong>nominc</strong></span> <span class='ocrx_word' id='word_1_192' title='bbox 303 3121 512 3192; x_wconf 88' lang='lat' dir='ltr'><strong>communis</strong></span> <span class='ocrx_word' id='word_1_193' title='bbox 536 3125 653 3194; x_wconf 83' lang='lat' dir='ltr'><strong>lanne</strong></span> <span class='ocrx_word' id='word_1_194' title='bbox 682 3121 976 3193; x_wconf 88' lang='lat' dir='ltr'><strong>immunitatibus</strong></span> <span class='ocrx_word' id='word_1_195' title='bbox 1000 3121 1125 3194; x_wconf 83' lang='lat' dir='ltr'><strong>multis</strong></span> <span class='ocrx_word' id='word_1_196' title='bbox 1153 3124 1334 3194; x_wconf 87' lang='lat' dir='ltr'><strong>concessis</strong></span> <span class='ocrx_word' id='word_1_197' title='bbox 1356 3122 1538 3193; x_wconf 84' lang='lat' dir='ltr'><strong>civitatem</strong></span> 
     </span>
     <span class='ocr_line' id='line_1_22' title="bbox 140 3243 1538 3342; baseline 0.001 -28"><span class='ocrx_word' id='word_1_198' title='bbox 140 3244 361 3316; x_wconf 83' lang='lat' dir='ltr'><strong>Smimaram</strong></span> <span class='ocrx_word' id='word_1_199' title='bbox 387 3243 585 3316; x_wconf 86' lang='lat' dir='ltr'><strong>liberaliter</strong></span> <span class='ocrx_word' id='word_1_200' title='bbox 604 3243 754 3316; x_wconf 87' lang='lat' dir='ltr'><strong>tradidit</strong></span> <span class='ocrx_word' id='word_1_201' title='bbox 776 3259 812 3316; x_wconf 88' lang='lat' dir='ltr'><strong>et</strong></span> <span class='ocrx_word' id='word_1_202' title='bbox 834 3245 1004 3336; x_wconf 86' lang='lat' dir='ltr'><strong>donavit;</strong></span> <span class='ocrx_word' id='word_1_203' title='bbox 1027 3244 1074 3317; x_wconf 81' lang='lat' dir='ltr'><strong>iu</strong></span> <span class='ocrx_word' id='word_1_204' title='bbox 1108 3245 1210 3342; x_wconf 74' lang='lat' dir='ltr'><strong>chd</strong></span> <span class='ocrx_word' id='word_1_205' title='bbox 1234 3251 1461 3318; x_wconf 82' lang='lat' dir='ltr'><strong>Jannuens‘es</strong></span> <span class='ocrx_word' id='word_1_206' title='bbox 1490 3243 1538 3316; x_wconf 77' lang='lat' dir='ltr'><strong>sd</strong></span> 
     </span>
     <span class='ocr_line' id='line_1_23' title="bbox 139 3368 1538 3468; baseline 0 -30"><span class='ocrx_word' id='word_1_207' title='bbox 139 3381 251 3462; x_wconf 84' lang='lat' dir='ltr'><strong>partes</strong></span> <span class='ocrx_word' id='word_1_208' title='bbox 278 3369 454 3439; x_wconf 82' lang='lat' dir='ltr'><strong>Romanis</strong></span> <span class='ocrx_word' id='word_1_209' title='bbox 476 3369 707 3464; x_wconf 84' lang='lat' dir='ltr'><strong>navigantes,</strong></span> <span class='ocrx_word' id='word_1_210' title='bbox 737 3368 909 3465; x_wconf 71' lang='lat' dir='ltr'><strong>tanquam</strong></span> <span class='ocrx_word' id='word_1_211' title='bbox 940 3369 986 3440; x_wconf 91' lang='lat' dir='ltr'><strong>ad</strong></span> <span class='ocrx_word' id='word_1_212' title='bbox 1015 3393 1143 3441; x_wconf 89' lang='lat' dir='ltr'><strong>eorum</strong></span> <span class='ocrx_word' id='word_1_213' title='bbox 1171 3370 1358 3468; x_wconf 76' lang='lat' dir='ltr'><strong>propriam</strong></span> <span class='ocrx_word' id='word_1_214' title='bbox 1388 3373 1538 3458; x_wconf 73' lang='lat' dir='ltr'><strong>ten-am,</strong></span> 
     </span>
     <span class='ocr_line' id='line_1_24' title="bbox 140 3481 1624 3592; baseline -0.001 -27"><span class='ocrx_word' id='word_1_215' title='bbox 140 3508 281 3588; x_wconf 87' lang='lat' dir='ltr'><strong>portum</strong></span> <span class='ocrx_word' id='word_1_216' title='bbox 292 3493 452 3566; x_wconf 88' lang='lat' dir='ltr'><strong>facerent</strong></span> <span class='ocrx_word' id='word_1_217' title='bbox 465 3509 501 3566; x_wconf 86' lang='lat' dir='ltr'><strong>et</strong></span> <span class='ocrx_word' id='word_1_218' title='bbox 518 3516 700 3566; x_wconf 86' lang='lat' dir='ltr'><strong>accessum</strong></span> <span class='ocrx_word' id='word_1_219' title='bbox 715 3493 906 3566; x_wconf 89' lang='lat' dir='ltr'><strong>haberent.</strong></span> <span class='ocrx_word' id='word_1_220' title='bbox 924 3497 965 3566; x_wconf 92' lang='lat' dir='ltr'><strong>ln</strong></span> <span class='ocrx_word' id='word_1_221' title='bbox 981 3495 1059 3592; x_wconf 89' lang='lat' dir='ltr'><strong>ipso</strong></span> <span class='ocrx_word' id='word_1_222' title='bbox 1073 3517 1172 3565; x_wconf 89' lang='lat' dir='ltr'><strong>anno</strong></span> <span class='ocrx_word' id='word_1_223' title='bbox 1187 3494 1243 3565; x_wconf 84' lang='lat' dir='ltr'><strong>vel</strong></span> <span class='ocrx_word' id='word_1_224' title='bbox 1258 3494 1442 3590; x_wconf 85' lang='lat' dir='ltr'><strong>sequenti,</strong></span> <span class='ocrx_word' id='word_1_225' title='bbox 1456 3490 1538 3564; x_wconf 85' lang='lat' dir='ltr'><strong>des-</strong></span> <span class='ocrx_word' id='word_1_226' title='bbox 1621 3481 1624 3488; x_wconf 44' lang='lat'><strong>¹</strong></span> 
     </span>
     <span class='ocr_line' id='line_1_25' title="bbox 141 3613 1539 3716; baseline 0.001 -30"><span class='ocrx_word' id='word_1_227' title='bbox 141 3615 237 3689; x_wconf 76' lang='lat' dir='ltr'><strong>tincti</strong></span> <span class='ocrx_word' id='word_1_228' title='bbox 267 3617 415 3690; x_wconf 87' lang='lat' dir='ltr'><strong>fuerunt</strong></span> <span class='ocrx_word' id='word_1_229' title='bbox 442 3617 503 3690; x_wconf 87' lang='lat' dir='ltr'><strong>alii</strong></span> <span class='ocrx_word' id='word_1_230' title='bbox 525 3617 631 3713; x_wconf 85' lang='lat' dir='ltr'><strong>legati</strong></span> <span class='ocrx_word' id='word_1_231' title='bbox 651 3617 697 3690; x_wconf 86' lang='lat' dir='ltr'><strong>ad</strong></span> <span class='ocrx_word' id='word_1_232' title='bbox 725 3619 982 3716; x_wconf 77' lang='lat' dir='ltr'><strong>imperatorem</strong></span> <span class='ocrx_word' id='word_1_233' title='bbox 1013 3641 1178 3712; x_wconf 83' lang='lat' dir='ltr'><strong>grecum,</strong></span> <span class='ocrx_word' id='word_1_234' title='bbox 1201 3615 1372 3716; x_wconf 88' lang='lat' dir='ltr'><strong>profectis</strong></span> <span class='ocrx_word' id='word_1_235' title='bbox 1396 3613 1467 3687; x_wconf 89' lang='lat' dir='ltr'><strong>illis</strong></span> <span class='ocrx_word' id='word_1_236' title='bbox 1492 3613 1539 3688; x_wconf 84' lang='lat' dir='ltr'><strong>de</strong></span> 
     </span>
     <span class='ocr_line' id='line_1_26' title="bbox 140 3741 1539 3844; baseline 0.001 -30"><span class='ocrx_word' id='word_1_237' title='bbox 140 3744 270 3839; x_wconf 90' lang='lat' dir='ltr'><strong>quibus</strong></span> <span class='ocrx_word' id='word_1_238' title='bbox 282 3743 391 3844; x_wconf 70' lang='lat' dir='ltr'><strong>supra</strong></span> <span class='ocrx_word' id='word_1_239' title='bbox 412 3746 550 3818; x_wconf 86' lang='lat' dir='ltr'><strong>mentio</strong></span> <span class='ocrx_word' id='word_1_240' title='bbox 568 3745 660 3818; x_wconf 88' lang='lat' dir='ltr'><strong>facta</strong></span> <span class='ocrx_word' id='word_1_241' title='bbox 679 3759 731 3817; x_wconf 87' lang='lat' dir='ltr'><strong>cst</strong></span> <span class='ocrx_word' id='word_1_242' title='bbox 749 3746 864 3842; x_wconf 90' lang='lat' dir='ltr'><strong>etqui</strong></span> <span class='ocrx_word' id='word_1_243' title='bbox 889 3751 1045 3818; x_wconf 73' lang='lat' dir='ltr'><strong>ianuam</strong></span> <span class='ocrx_word' id='word_1_244' title='bbox 1068 3744 1272 3834; x_wconf 86' lang='lat' dir='ltr'><strong>redierunt,</strong></span> <span class='ocrx_word' id='word_1_245' title='bbox 1296 3767 1382 3816; x_wconf 86' lang='lat' dir='ltr'><strong>curn</strong></span> <span class='ocrx_word' id='word_1_246' title='bbox 1403 3741 1539 3840; x_wconf 87' lang='lat' dir='ltr'><strong>quibus</strong></span> 
     </span>
     <span class='ocr_line' id='line_1_27' title="bbox 140 3867 1538 3969; baseline 0.001 -31"><span class='ocrx_word' id='word_1_247' title='bbox 140 3867 230 3941; x_wconf 89' lang='lat' dir='ltr'><strong>idem</strong></span> <span class='ocrx_word' id='word_1_248' title='bbox 245 3872 443 3969; x_wconf 83' lang='lat' dir='ltr'><strong>imperator</strong></span> <span class='ocrx_word' id='word_1_249' title='bbox 459 3895 543 3943; x_wconf 90' lang='lat' dir='ltr'><strong>suos</strong></span> <span class='ocrx_word' id='word_1_250' title='bbox 564 3873 714 3944; x_wconf 88' lang='lat' dir='ltr'><strong>nuntios</strong></span> <span class='ocrx_word' id='word_1_251' title='bbox 733 3871 912 3944; x_wconf 86' lang='lat' dir='ltr'><strong>solemnes</strong></span> <span class='ocrx_word' id='word_1_252' title='bbox 927 3869 974 3943; x_wconf 90' lang='lat' dir='ltr'><strong>ad</strong></span> <span class='ocrx_word' id='word_1_253' title='bbox 991 3871 1173 3943; x_wconf 88' lang='lat' dir='ltr'><strong>civitatem</strong></span> <span class='ocrx_word' id='word_1_254' title='bbox 1189 3875 1306 3944; x_wconf 79' lang='lat' dir='ltr'><strong>Janue</strong></span> <span class='ocrx_word' id='word_1_255' title='bbox 1325 3871 1538 3960; x_wconf 76' lang='lat' dir='ltr'><strong>transmisit,</strong></span> 
     </span>
     <span class='ocr_line' id='line_1_28' title="bbox 140 3996 1540 4100; baseline 0.001 -34"><span class='ocrx_word' id='word_1_256' title='bbox 140 3999 240 4068; x_wconf 77' lang='lat' dir='ltr'><strong>causa</strong></span> <span class='ocrx_word' id='word_1_257' title='bbox 255 3997 517 4070; x_wconf 86' lang='lat' dir='ltr'><strong>corrabamndi</strong></span> <span class='ocrx_word' id='word_1_258' title='bbox 538 4021 580 4069; x_wconf 87' lang='lat' dir='ltr'><strong>ea</strong></span> <span class='ocrx_word' id='word_1_259' title='bbox 593 4021 667 4095; x_wconf 85' lang='lat' dir='ltr'><strong>que</strong></span> <span class='ocrx_word' id='word_1_260' title='bbox 680 3999 772 4070; x_wconf 84' lang='lat' dir='ltr'><strong>facta</strong></span> <span class='ocrx_word' id='word_1_261' title='bbox 791 3998 934 4069; x_wconf 88' lang='lat' dir='ltr'><strong>fuerant</strong></span> <span class='ocrx_word' id='word_1_262' title='bbox 951 4023 1035 4070; x_wconf 92' lang='lat' dir='ltr'><strong>cum</strong></span> <span class='ocrx_word' id='word_1_263' title='bbox 1056 3997 1192 4100; x_wconf 87' lang='lat' dir='ltr'><strong>legatis.</strong></span> <span class='ocrx_word' id='word_1_264' title='bbox 1217 4002 1260 4068; x_wconf 84' lang='lat' dir='ltr'><strong>Et</strong></span> <span class='ocrx_word' id='word_1_265' title='bbox 1274 3997 1376 4069; x_wconf 89' lang='lat' dir='ltr'><strong>factis</strong></span> <span class='ocrx_word' id='word_1_266' title='bbox 1388 3996 1540 4094; x_wconf 69' lang='lat' dir='ltr'><strong>quibus</strong></span> 
     </span>
     <span class='ocr_line' id='line_1_29' title="bbox 140 4119 1538 4222; baseline 0.003 -32"><span class='ocrx_word' id='word_1_267' title='bbox 140 4119 219 4192; x_wconf 83' lang='lat' dir='ltr'><strong>dam</strong></span> <span class='ocrx_word' id='word_1_268' title='bbox 233 4121 499 4194; x_wconf 85' lang='lat' dir='ltr'><strong>mutationibus</strong></span> <span class='ocrx_word' id='word_1_269' title='bbox 514 4138 550 4194; x_wconf 89' lang='lat' dir='ltr'><strong>et</strong></span> <span class='ocrx_word' id='word_1_270' title='bbox 561 4124 864 4222; x_wconf 86' lang='lat' dir='ltr'><strong>promissionibus</strong></span> <span class='ocrx_word' id='word_1_271' title='bbox 877 4123 925 4196; x_wconf 90' lang='lat' dir='ltr'><strong>ab</strong></span> <span class='ocrx_word' id='word_1_272' title='bbox 939 4125 1023 4222; x_wconf 84' lang='lat' dir='ltr'><strong>ipsis</strong></span> <span class='ocrx_word' id='word_1_273' title='bbox 1038 4125 1177 4196; x_wconf 90' lang='lat' dir='ltr'><strong>nuntiis</strong></span> <span class='ocrx_word' id='word_1_274' title='bbox 1192 4124 1433 4222; x_wconf 88' lang='lat' dir='ltr'><strong>imperatoris,</strong></span> <span class='ocrx_word' id='word_1_275' title='bbox 1449 4145 1538 4194; x_wconf 90' lang='lat' dir='ltr'><strong>con·</strong></span> 
     </span>
     <span class='ocr_line' id='line_1_30' title="bbox 140 4244 1537 4348; baseline 0.003 -34"><span class='ocrx_word' id='word_1_276' title='bbox 140 4244 310 4318; x_wconf 86' lang='lat' dir='ltr'><strong>federatio</strong></span> <span class='ocrx_word' id='word_1_277' title='bbox 324 4245 487 4344; x_wconf 87' lang='lat' dir='ltr'><strong>predicta</strong></span> <span class='ocrx_word' id='word_1_278' title='bbox 503 4247 571 4319; x_wconf 87' lang='lat' dir='ltr'><strong>fuit</strong></span> <span class='ocrx_word' id='word_1_279' title='bbox 584 4247 727 4322; x_wconf 86' lang='lat' dir='ltr'><strong>firmata</strong></span> <span class='ocrx_word' id='word_1_280' title='bbox 747 4264 783 4320; x_wconf 88' lang='lat' dir='ltr'><strong>et</strong></span> <span class='ocrx_word' id='word_1_281' title='bbox 801 4249 933 4345; x_wconf 84' lang='lat' dir='ltr'><strong>jurata.</strong></span> <span class='ocrx_word' id='word_1_282' title='bbox 956 4247 1153 4345; x_wconf 80' lang='lat' dir='ltr'><strong>Quitmque</strong></span> <span class='ocrx_word' id='word_1_283' title='bbox 1170 4247 1379 4348; x_wconf 86' lang='lat' dir='ltr'><strong>supradicta</strong></span> <span class='ocrx_word' id='word_1_284' title='bbox 1394 4262 1537 4344; x_wconf 86' lang='lat' dir='ltr'><strong>peracta</strong></span> 
     </span>
     <span class='ocr_line' id='line_1_31' title="bbox 141 4369 1540 4480; baseline 0.001 -41"><span class='ocrx_word' id='word_1_285' title='bbox 141 4369 307 4462; x_wconf 91' lang='lat' dir='ltr'><strong>fuissent,</strong></span> <span class='ocrx_word' id='word_1_286' title='bbox 322 4371 368 4444; x_wconf 83' lang='lat' dir='ltr'><strong>ad</strong></span> <span class='ocrx_word' id='word_1_287' title='bbox 390 4373 673 4470; x_wconf 88' lang='lat' dir='ltr'><strong>postulationem</strong></span> <span class='ocrx_word' id='word_1_288' title='bbox 692 4374 877 4480; x_wconf 78' lang='lat' dir='ltr'><strong>dictorum</strong></span> <span class='ocrx_word' id='word_1_289' title='bbox 901 4375 1118 4447; x_wconf 88' lang='lat' dir='ltr'><strong>nuntiorum</strong></span> <span class='ocrx_word' id='word_1_290' title='bbox 1137 4375 1384 4474; x_wconf 88' lang='lat' dir='ltr'><strong>imperatoris,</strong></span> <span class='ocrx_word' id='word_1_291' title='bbox 1403 4385 1540 4443; x_wconf 88' lang='lat' dir='ltr'><strong>armate</strong></span> 
     </span>
    </p>
   </div>
   <div class='ocr_carea' id='block_1_4' title="bbox 140 4494 1570 4976">
    <p class='ocr_par' dir='ltr' id='par_1_5' title="bbox 140 4494 1570 4976">
     <span class='ocr_line' id='line_1_32' title="bbox 140 4494 1570 4596; baseline 0.001 -30"><span class='ocrx_word' id='word_1_292' title='bbox 140 4494 284 4569; x_wconf 88' lang='lat' dir='ltr'><strong>fuerunt</strong></span> <span class='ocrx_word' id='word_1_293' title='bbox 312 4500 352 4570; x_wconf 92' lang='lat' dir='ltr'><strong>in</strong></span> <span class='ocrx_word' id='word_1_294' title='bbox 376 4499 522 4571; x_wconf 85' lang='lat' dir='ltr'><strong>civitate</strong></span> <span class='ocrx_word' id='word_1_295' title='bbox 543 4505 660 4572; x_wconf 85' lang='lat' dir='ltr'><strong>lanne</strong></span> <span class='ocrx_word' id='word_1_296' title='bbox 687 4525 796 4572; x_wconf 85' lang='lat' dir='ltr'><strong>naves</strong></span> <span class='ocrx_word' id='word_1_297' title='bbox 816 4505 863 4572; x_wconf 94' lang='lat' dir='ltr'><strong>Vl</strong></span> <span class='ocrx_word' id='word_1_298' title='bbox 883 4525 966 4572; x_wconf 90' lang='lat' dir='ltr'><strong>cum</strong></span> <span class='ocrx_word' id='word_1_299' title='bbox 992 4499 1147 4594; x_wconf 82' lang='lat' dir='ltr'><strong>galeisX</strong></span> <span class='ocrx_word' id='word_1_300' title='bbox 1169 4523 1243 4596; x_wconf 89' lang='lat' dir='ltr'><strong>que</strong></span> <span class='ocrx_word' id='word_1_301' title='bbox 1262 4498 1367 4570; x_wconf 87' lang='lat' dir='ltr'><strong>misse</strong></span> <span class='ocrx_word' id='word_1_302' title='bbox 1392 4496 1542 4568; x_wconf 81' lang='lat' dir='ltr'><strong>fuerunt</strong></span> <span class='ocrx_word' id='word_1_303' title='bbox 1565 4537 1570 4546; x_wconf 93' lang='lat'>·</span> 
     </span>
     <span class='ocr_line' id='line_1_33' title="bbox 140 4621 1538 4728; baseline 0.002 -37"><span class='ocrx_word' id='word_1_304' title='bbox 140 4621 174 4692; x_wconf 90' lang='lat' dir='ltr'><strong>in</strong></span> <span class='ocrx_word' id='word_1_305' title='bbox 197 4625 412 4698; x_wconf 84' lang='lat' dir='ltr'><strong>Romaniam</strong></span> <span class='ocrx_word' id='word_1_306' title='bbox 433 4625 470 4696; x_wconf 93' lang='lat' dir='ltr'><strong>in</strong></span> <span class='ocrx_word' id='word_1_307' title='bbox 499 4625 702 4698; x_wconf 88' lang='lat' dir='ltr'><strong>subsidium</strong></span> <span class='ocrx_word' id='word_1_308' title='bbox 723 4627 812 4698; x_wconf 90' lang='lat' dir='ltr'><strong>dicti</strong></span> <span class='ocrx_word' id='word_1_309' title='bbox 832 4627 1060 4728; x_wconf 88' lang='lat' dir='ltr'><strong>imperatoris</strong></span> <span class='ocrx_word' id='word_1_310' title='bbox 1082 4639 1209 4697; x_wconf 86' lang='lat' dir='ltr'><strong>eontra</strong></span> <span class='ocrx_word' id='word_1_311' title='bbox 1229 4629 1406 4714; x_wconf 87' lang='lat' dir='ltr'><strong>Venetos;</strong></span> <span class='ocrx_word' id='word_1_312' title='bbox 1421 4635 1457 4694; x_wconf 89' lang='lat' dir='ltr'><strong>et</strong></span> <span class='ocrx_word' id='word_1_313' title='bbox 1479 4647 1538 4696; x_wconf 90' lang='lat' dir='ltr'><strong>ea-</strong></span> 
     </span>
     <span class='ocr_line' id='line_1_34' title="bbox 141 4749 1539 4848; baseline 0.004 -32"><span class='ocrx_word' id='word_1_314' title='bbox 141 4772 219 4820; x_wconf 90' lang='lat' dir='ltr'><strong>rum</strong></span> <span class='ocrx_word' id='word_1_315' title='bbox 234 4749 300 4822; x_wconf 92' lang='lat' dir='ltr'><strong>fuit</strong></span> <span class='ocrx_word' id='word_1_316' title='bbox 314 4751 508 4847; x_wconf 81' lang='lat' dir='ltr'><strong>amiragius</strong></span> <span class='ocrx_word' id='word_1_317' title='bbox 521 4752 697 4826; x_wconf 85' lang='lat' dir='ltr'><strong>Martinus</strong></span> <span class='ocrx_word' id='word_1_318' title='bbox 708 4753 930 4848; x_wconf 81' lang='lat' dir='ltr'><strong>Buccanigra</strong></span> <span class='ocrx_word' id='word_1_319' title='bbox 940 4752 1050 4824; x_wconf 87' lang='lat' dir='ltr'><strong>frater</strong></span> <span class='ocrx_word' id='word_1_320' title='bbox 1059 4750 1251 4848; x_wconf 87' lang='lat' dir='ltr'><strong>capitanei.</strong></span> <span class='ocrx_word' id='word_1_321' title='bbox 1266 4755 1306 4822; x_wconf 89' lang='lat' dir='ltr'><strong>ln</strong></span> <span class='ocrx_word' id='word_1_322' title='bbox 1319 4749 1404 4848; x_wconf 87' lang='lat' dir='ltr'><strong>ipsis</strong></span> <span class='ocrx_word' id='word_1_323' title='bbox 1417 4764 1539 4822; x_wconf 86' lang='lat' dir='ltr'><strong>autem</strong></span> 
     </span>
     <span class='ocr_line' id='line_1_35' title="bbox 141 4873 1520 4976; baseline 0 -34"><span class='ocrx_word' id='word_1_324' title='bbox 141 4873 291 4947; x_wconf 87' lang='lat' dir='ltr'><strong>navibus</strong></span> <span class='ocrx_word' id='word_1_325' title='bbox 312 4890 347 4946; x_wconf 89' lang='lat' dir='ltr'><strong>et</strong></span> <span class='ocrx_word' id='word_1_326' title='bbox 365 4875 473 4972; x_wconf 85' lang='lat' dir='ltr'><strong>galeis</strong></span> <span class='ocrx_word' id='word_1_327' title='bbox 494 4877 623 4974; x_wconf 87' lang='lat' dir='ltr'><strong>reliqui</strong></span> <span class='ocrx_word' id='word_1_328' title='bbox 649 4879 770 4949; x_wconf 89' lang='lat' dir='ltr'><strong>nuntii</strong></span> <span class='ocrx_word' id='word_1_329' title='bbox 792 4877 1020 4976; x_wconf 88' lang='lat' dir='ltr'><strong>imperatoris</strong></span> <span class='ocrx_word' id='word_1_330' title='bbox 1040 4875 1086 4947; x_wconf 86' lang='lat' dir='ltr'><strong>ad</strong></span> <span class='ocrx_word' id='word_1_331' title='bbox 1107 4875 1256 4974; x_wconf 87' lang='lat' dir='ltr'><strong>propria</strong></span> <span class='ocrx_word' id='word_1_332' title='bbox 1281 4873 1479 4947; x_wconf 87' lang='lat' dir='ltr'><strong>redierunt.</strong></span> <span class='ocrx_word' id='word_1_333' title='bbox 1503 4903 1520 4942; x_wconf 75' lang='lat' dir='ltr'><strong>s</strong></span> 
     </span>
    </p>
   </div>
   <div class='ocr_carea' id='block_1_5' title="bbox 173 5145 1199 5220">
    <p class='ocr_par' dir='ltr' id='par_1_6' title="bbox 173 5145 1199 5220">
     <span class='ocr_line' id='line_1_36' title="bbox 173 5145 1199 5220; baseline 0.006 -26"><span class='ocrx_word' id='word_1_334' title='bbox 173 5145 292 5204; x_wconf 64' lang='lat' dir='ltr'><strong>mamm</strong></span> <span class='ocrx_word' id='word_1_335' title='bbox 303 5145 408 5198; x_wconf 81' lang='lat' dir='ltr'><strong>Annnt.</strong></span> <span class='ocrx_word' id='word_1_336' title='bbox 418 5161 570 5220; x_wconf 62' lang='lat' dir='ltr'><strong>gottorum.</strong></span> <span class='ocrx_word' id='word_1_337' title='bbox 586 5150 651 5200; x_wconf 78' lang='lat' dir='ltr'><strong>liber</strong></span> <span class='ocrx_word' id='word_1_338' title='bbox 665 5153 693 5212; x_wconf 79' lang='lat' dir='ltr'><strong>fl,</strong></span> <span class='ocrx_word' id='word_1_339' title='bbox 712 5163 736 5212; x_wconf 77' lang='lat' dir='ltr'><strong>p.</strong></span> <span class='ocrx_word' id='word_1_340' title='bbox 754 5153 799 5200; x_wconf 69' lang='lat'><strong>528</strong></span> <span class='ocrx_word' id='word_1_341' title='bbox 808 5171 815 5212; x_wconf 75' lang='lat' dir='ltr'><strong>t</strong></span> <span class='ocrx_word' id='word_1_342' title='bbox 834 5153 837 5200; x_wconf 91' lang='grc' dir='ltr'>Ι</span> <span class='ocrx_word' id='word_1_343' title='bbox 855 5150 924 5213; x_wconf 79' lang='lat' dir='ltr'><strong>apud</strong></span> <span class='ocrx_word' id='word_1_344' title='bbox 936 5151 1064 5212; x_wconf 67' lang='lat' dir='ltr'><strong>durafort,</strong></span> <span class='ocrx_word' id='word_1_345' title='bbox 1079 5154 1147 5201; x_wconf 88' lang='lat' dir='ltr'><strong>tomo</strong></span> <span class='ocrx_word' id='word_1_346' title='bbox 1160 5154 1199 5201; x_wconf 85' lang='lat' dir='ltr'><strong>vt.</strong></span> 
     </span>
    </p>
   </div>
   <div class='ocr_carea' id='block_1_6' title="bbox 0 0 1931 6044">
    <p class='ocr_par' dir='ltr' id='par_1_7' title="bbox 0 0 1931 6044">
     <span class='ocr_line' id='line_1_37' title="bbox 0 0 1931 6044; baseline 0 0"><span class='ocrx_word' id='word_1_347' title='bbox 0 0 1931 6044; x_wconf 95' lang='lat' dir='ltr'><strong> </strong></span> 
     </span>
    </p>
   </div>
  </div>
 </body>
</html>
