3912 6044
398 667 439 726 aa
620 643 989 728 scutrncrssnnsns
1009 662 1090 728 sun
1110 664 1160 727 m
1179 645 1325 728 nonen
1345 661 1578 756 suanense.

360 831 363 836 λ
446 799 486 870 3⁰
511 803 603 871 Tout
631 823 673 872 ce
701 799 862 896 qu’avait
892 799 1044 898 possedi}
1075 799 1239 899 pendant
1270 827 1308 873 sa
1343 803 1398 874 vie
1426 801 1592 902 Philippe
1619 803 1801 894 Cbiuard,

396 924 523 997 amiral
539 923 587 996 de
605 925 811 1025 Mainfroi¹.

447 1055 485 1137 4⁰
497 1055 628 1123 Toutes
645 1051 696 1123 les
712 1051 775 1124 lles
795 1051 1042 1151 dependentes
1059 1051 1106 1124 de
1124 1049 1287 1151 l’empire
1303 1077 1351 1125 au
1370 1051 1451 1124 dett
1470 1053 1535 1124 des
1553 1053 1802 1144 Dardauelles,

396 1173 415 1245 :i
433 1174 644 1275 l'exoeption
661 1175 708 1246 de
724 1189 867 1273 quatre.
888 1175 1039 1265 Lesbos,
1058 1179 1203 1265 Samos,
1224 1181 1294 1249 Gos
1313 1189 1350 1248 et
1366 1176 1471 1264 Chio,
1491 1201 1564 1274 que
1582 1177 1747 1256 Baudoiu
1765 1204 1803 1252 se

397 1298 537 1372 reserva
553 1323 649 1397 pour
663 1299 714 1371 lui
732 1315 769 1372 et
784 1323 839 1370 ses
854 1303 1091 1372 successeurs.

447 1421 484 1495 5⁰
501 1423 608 1496 Eulin
626 1424 660 1496 le
681 1425 766 1496 tiers
782 1422 828 1495 de
846 1437 927 1496 tout
945 1449 988 1496 ce
1003 1423 1111 1520 qu'ils
1128 1425 1412 1522 eo'nquerraien't
1428 1423 1613 1496 ensemhle
1633 1449 1681 1500 ou
1699 1425 1802 1524 πόμα·

396 1545 553 1636 rdment,
569 1548 589 1620 t
607 1549 819 1646 l’exception
837 1548 883 1621 de
897 1548 931 1620 la
946 1547 1032 1620 ville
1048 1549 1095 1620 de
1111 1548 1428 1646 Constantinople3
1441 1563 1477 1619 et
1494 1573 1537 1620 oe
1551 1549 1636 1620 tiers
1652 1551 1803 1648 pouvait

396 1676 474 1744 etre
491 1672 607 1746 cboisi
621 1699 688 1773 par
706 1671 853 1746 Cbarles
868 1673 959 1745 dans
972 1673 1006 1746 la
1025 1674 1142 1772 partie
1158 1673 1204 1744 de
1216 1671 1379 1772 l'empire
1395 1673 1459 1770 qui
1476 1672 1529 1744 lui
1547 1673 1803 1746 conviendruit

395 1797 431 1869 le
450 1799 570 1870 mieux
591 1815 626 1870 et
647 1821 729 1871 saus
753 1823 826 1895 que
848 1797 1012 1870 Baudoin
1034 1801 1103 1896 put
1125 1823 1171 1870 en
1196 1796 1360 1896 disposer
1374 1797 1431 1870 'en
1452 1799 1548 1888 rien,
1576 1823 1631 1870 ses
1650 1823 1802 1898 propres

396 1923 567 2018 lat-gesses
582 1922 716 1995 devant
733 1925 810 1995 titre
825 1924 939 2021 prises
955 1949 1019 1994 sur
1033 1923 1084 1996 les
1096 1923 1192 1995 deux
1208 1925 1294 1994 tiers
1307 1925 1373 2020 qui
1388 1921 1440 1994 lui
1456 1923 1737 2000 reviendraieot.

443 2053 594 2121 Comme
621 2073 663 2121 ce
686 2047 789 2120 truite
811 2062 865 2121 est
888 2047 922 2120 le
943 2049 1050 2147 point
1067 2045 1234 2120 ‘cardinal
1260 2071 1323 2119 sur
1344 2047 1464 2146 lequel
1482 2049 1627 2120 roulent
1647 2073 1802 2153 presque

396 2185 513 2242 toutes
536 2169 587 2243 les
611 2170 830 2244 discussions
856 2171 1118 2269 subsequentes
1141 2171 1305 2243 relatives
1331 2171 1352 2243 t
1374 2172 1409 2245 la
1431 2173 1631 2269 seigneurie
1663 2173 1800 2248 directe

395 2297 582 2386 d’tehate,
606 2298 644 2395 je
672 2298 706 2370 le
727 2299 954 2397 rapporterai
982 2323 1029 2370 en
1052 2299 1170 2371 entier
1192 2295 1335 2397 d’apres
1359 2297 1393 2371 le
1416 2314 1512 2370 texte
1535 2297 1708 2374 conseer&
1732 2323 1801 2370 aus

398 2421 569 2494 Arcbivcs
581 2421 632 2494 du
650 2422 846 2530 royaume⁸
865 2449 873 2493 ε

443 2577 462 2612 α
473 2551 515 2617 ln
532 2547 681 2619 nomine
696 2547 860 2635 Domini,
874 2569 995 2619 amen.
1012 2551 1084 2619 Nos
1095 2545 1244 2620 Carolus
1258 2545 1323 2618 Dei
1337 2547 1450 2643 gratia
1464 2568 1523 2618 rex
1536 2545 1676 2638 Sicilie,
1690 2544 1801 2618 duca·

397 2673 454 2742 tais
471 2669 600 2771 Apulis
612 2685 649 2744 et
663 2671 889 2769 principatus
906 2677 1044 2768 Capue,
1061 2670 1282 2766 Andegavie,
1301 2672 1491 2742 Provincie
1506 2685 1542 2742 et
1555 2669 1801 2766 Forcelquerii

396 2821 535 2885 comes,
555 2821 622 2896 per
640 2821 787 2895 presens
806 2799 982 2896 scriptum
1000 2811 1129 2868 notum
1151 2797 1302 2870 iacimus
1322 2798 1510 2884 universis,
1533 2795 1607 2868 tiam
1627 2796 1800 2894 presenti·
1929 2863 1932 2868 ,

394 2919 464 2992 bus
483 2919 595 3018 quim
618 2921 764 3011 suturis,
780 2919 905 3019 qubd:
924 2919 1010 2994 ciam
1025 2926 1228 2993 Grecorum
1251 2919 1421 3018 superbia
1438 2919 1519 3018 plus
1541 2917 1648 2992 solito
1671 2915 1801 2990 diebus

395 3046 529 3117 nostris
549 3043 766 3144 [cresceret],
786 3046 1008 3118 serenissime
1032 3044 1201 3144 princeps
1220 3044 1370 3116 domine
1393 3043 1584 3132 Balduine,
1604 3043 1669 3116 Dei
1689 3042 1801 3138 gratid

395 3167 600 3241 fidelissime
625 3169 663 3242 in
683 3170 827 3242 Christo
850 3171 1064 3267 imperator,
1086 3168 1105 3240 t
1126 3175 1204 3240 Deo
1223 3183 1416 3259 coronate,
1440 3168 1615 3240 Romanie
1632 3166 1801 3238 modera-

394 3307 454 3364 tor
472 3308 508 3365 et
525 3319 668 3393 semper
683 3301 858 3391 Auguste,
880 3295 1031 3368 laventis
1048 3295 1221 3393 temporis
1243 3296 1439 3367 tumefacta
1455 3293 1649 3388 suffragio,
1673 3305 1801 3364 contra

394 3443 458 3490 vos
483 3433 717 3518 vestrumque
739 3420 932 3518 imperium
955 3419 1150 3492 crudeliter
1173 3420 1400 3517 insurgente,
1427 3415 1578 3492 Michael
1598 3415 1800 3510 Paliologus

392 3543 627 3632 scismaticus,
644 3545 870 3642 imperatoris
890 3543 958 3616 sibi
977 3569 1112 3616 nornen
1129 3569 1324 3642 usurpans,
1340 3558 1424 3642 post
1437 3543 1552 3616 varias
1571 3555 1607 3614 et
1624 3539 1800 3637 multipli-

394 3691 453 3736 ces
467 3666 628 3762 ejusdem
639 3666 873 3740 lacerationes
883 3669 1044 3765 imperii,
1057 3692 1124 3738 suo
1134 3683 1170 3738 et
1179 3668 1334 3738 aliorum
1350 3669 1562 3738 invasorum
1576 3661 1802 3760 temporibus

393 3803 597 3884 attentatas,
621 3793 843 3892 imperialem
865 3790 994 3862 urbem
1022 3789 1479 3886 constantinopolitanam,
1509 3789 1545 3856 in
1572 3787 1645 3883 qud
1674 3800 1801 3856 tronus

394 3914 538 4012 imperii
566 3932 601 3988 et
628 3917 815 4014 imperalia
841 3915 994 4009 insignia
1021 3911 1201 4001 resident,
1235 3927 1272 3982 et
1302 3935 1375 4008 que
1398 3909 1501 3980 vobis
1526 3907 1573 3980 de
1602 3911 1678 3979 totd
1704 3909 1800 4005 ejus·

393 4039 477 4110 dem
500 4040 642 4137 imperii
664 4044 758 4112 terrd
780 4036 853 4110 sere
874 4037 948 4110 sola
973 4049 1210 4125 remanserat,
1234 4035 1352 4124 vobis,
1375 4034 1510 4130 absque
1532 4033 1667 4104 Latinis
1683 4033 1719 4104 in
1740 4031 1800 4103 itte

395 4164 620 4235 morantibus
641 4163 761 4259 ejectis
785 4157 934 4251 exinde,
955 4175 1148 4256 totumque
1164 4159 1358 4258 imperium
1379 4159 1517 4255 ipsum,
1537 4172 1678 4254 excepto
1697 4161 1799 4254 [ain-

391 4289 509 4384 cibatu
528 4288 664 4360 Ackaie
681 4311 725 4357 ac
743 4292 876 4375 Mores,
892 4283 994 4382 cufim
1012 4288 1120 4356 eatzm
1129 4287 1347 4382 pniter'potds
1360 4298 1499 4381 partem
1516 4281 1585 4352 sibi
1601 4307 1670 4352 non
1688 4278 1800 4352 modi·

391 4439 471 4484 cam
486 4409 746 4509 subjugaverat,
766 4407 818 4480 ad
830 4407 1028 4482 hobenclum
1044 4409 1121 4506 eJiu
1137 4409 1314 4484 residuum
1327 4411 1459 4482 cunctis
1475 4407 1550 4478 suis
1569 4403 1697 4477 studiis
1712 4405 1799 4474 uiri-

424 4715 562 4778 ‘rtrum
570 4713 921 4766 ehtaardmutaud'sbord
932 4713 977 4766 des
985 4711 1073 4766 samer
1110 4712 1226 4766 denum
1241 4711 1257 4763 t
1272 4711 1298 4761 n
1313 4709 1408 4762 temne
1425 4708 1459 4762 de
1476 4705 1614 4768 latntrct,
1626 4705 1695 4784 stant
1708 4717 1760 4770 aas
1773 4705 1799 4756 ta

391 4817 424 4856 en
433 4805 549 4867 corpis.
570 4803 621 4855 tta
634 4805 701 4856 tutte
711 4803 744 4856 de
756 4815 803 4856 rea
818 4801 966 4868 petertueae
975 4803 990 4856 t
1000 4803 1075 4858 tera-
1111 4801 1256 4863 seigneurie
1265 4800 1298 4850 rte
1310 4799 1362 4850 t'tte
1373 4799 1406 4850 de
1416 4796 1710 4850 cortonuusctarte
1719 4806 1799 4856 poar-

391 4895 482 4944 mtear.
501 4893 520 4943 u
541 4893 625 4946 stau
650 4894 751 4945 easatte
773 4893 863 4946 estole
874 4903 909 4944 au
924 4894 1021 4944 serrtte
1039 4894 1073 4945 de
1111 4892 1190 4942 sutrtt
1202 4903 1236 4941 en
1250 4891 1286 4942 tut
1298 4901 1346 4940 soa
1364 4889 1471 4940 ennemt
1483 4887 1604 4938 ttatntmt
1619 4890 1646 4938 et
1667 4881 1798 4946 pentum

392 4981 529 5039 astarot.
548 4995 583 5036 en
607 4983 707 5046 quau
728 4983 847 5036 ‹t'atatrst
868 4983 901 5034 de
921 4995 962 5034 aes
980 4981 1073 5034 notes.
1112 4981 1251 5046 s'anparer
1263 4981 1345 5045 parta
1357 4976 1722 5038 toreedetouteseesptscu.
1734 4973 1801 5024 dost

394 5068 473 5132 apres
484 5071 507 5120 ta
520 5071 616 5123 detatte
629 5071 662 5122 de
673 5071 809 5129 natator,
827 5072 844 5122 tt
857 5085 930 5134 passe
941 5083 975 5124 en
987 5057 1073 5135 tata,
1113 5073 1131 5124 u
1149 5071 1285 5124 reclamatt
1299 5070 1331 5122 de
1344 5069 1463 5122 Beudotn
1477 5069 1501 5118 ts
1515 5065 1658 5130 possesston
1675 5063 1767 5125 lente.

393 5158 427 5210 atr
446 5159 537 5212 tttettet
549 5161 585 5211 tut
601 5161 761 5212 abandonna
779 5161 815 5211 tes
837 5165 916 5211 terres
929 5161 992 5222 qa’tt
1003 5163 1072 5212 svalt
1144 5161 1274 5225 ’Restare
1283 5160 1318 5212 du
1327 5159 1459 5212 tresordes
1466 5159 1574 5214 martes,
1582 5157 1658 5214 notu.
1664 5151 1797 5218 pteoettt.
