3862 6048
445 577 618 642 Ptttttcts
638 576 884 643 'l'lTULAlllES
904 575 1263 642 lt'scttatE-ssvotu.
1497 585 1556 648 289

159 709 329 785 dontinus
358 709 466 784 irater
494 715 633 798 Petrus,
653 711 830 808 espicopus
862 713 1078 800 Coronensis,
1100 716 1225 784 Petrus
1242 711 1287 784 de
1304 717 1555 811 Sancto-Supe-

157 862 253 924 rum,
281 835 454 934 generales
481 837 635 908 vicarius
660 834 746 906 dicti
765 835 1001 932 pampano,
1026 834 1188 909 donem
1217 845 1361 910 Aswuaes
1384 839 1556 913 Zachan’e

155 961 265 1052 miles,
290 960 429 1034 bamm'e
446 960 660 1034 Caiandtt'cie
678 959 839 1034 hatthus
859 976 894 1030 et
907 983 1056 1059 mugnus
1077 961 1307 1034 comestubt'lts
1328 965 1437 1060 ipsius
1450 969 1556 1062 prtit-

156 1087 311 1183 ctpateis,
338 1085 511 1158 dominus
537 1085 646 1156 srater
668 1084 820 1156 lacobus
837 1083 882 1156 de
908 1083 1022 1180 Argli,
1038 1087 1130 1158 sacri
1146 1086 1286 1158 ordinis
1300 1090 1556 1162 Sancte-Marie

157 1209 491 1285 Theotlronicorum
519 1209 565 1280 de
594 1208 691 1282 dicto
717 1209 926 1308 principatu
954 1207 1210 1300 thesaurarius,
1229 1212 1307 1282 vice
1339 1227 1374 1284 et
1408 1213 1557 1285 nomine

158 1333 347 1409 reverendi
363 1333 579 1408 venerabilis
592 1333 747 1428 religiosi
762 1333 903 1406 domini
918 1313 1059 1404 domini
1073 1332 1191 1406 iratris
1206 1334 1301 1406 Rulii
1315 1337 1438 1424 Sciob,
1457 1363 1556 1412 sacre

158 1459 288 1544 domtls
304 1458 443 1530 ordinis
455 1458 611 1558 predicti
624 1460 661 1532 in
677 1458 776 1532 dioto
791 1459 998 1556 principatu
1013 1458 1134 1552 magni
1149 1462 1382 1556 preceptoris,
1393 1464 1556 1559 Rogen'os

156 1582 199 1654 de
230 1583 385 1656 Novellir
416 1583 632 1656 caneelan'tu·
661 1582 748 1654 dicti
766 1584 1003 1680 principatus,
1031 1581 1218 1654 dominus.
1232 1585 1385 1656 dodones
1414 1589 1557 1658 Vtit'stia

158 1707 272 1798 miles,
290 1713 441 1804 Moynos
464 1706 508 1780 de
528 1707 650 1802 Polcy,
678 1706 844 1780 Nt'coluus
860 1705 977 1800 lefort
990 1721 1026 1778 et
1042 1706 1220 1780 lohannes
1242 1712 1341 1782 Curio
1359 1709 1403 1780 de
1422 1711 1556 1806 Speleto

155 1846 421 1929 procuratores,
437 1846 586 1920 actores,
608 1830 772 1920 lectores,
788 1830 1022 1924 negociorum
1036 1845 1206 1924 gestores,
1217 1832 1373 1928 syndici,
1388 1834 1555 1923 ministri,

155 1971 191 2026 et
216 1954 447 2046 deffensores,
479 1969 515 2026 et
540 1955 780 2050 vicegerentes
804 1954 894 2041 veri,
925 1954 1014 2027 certi
1036 1969 1072 2026 et
1092 1953 1298 2046 indubitati,
1323 1959 1450 2030 nuncii
1473 1984 1555 2054 spe·

73 2089 76 2096 '
155 2080 263 2154 etates
277 2079 561 2152 reverendorum
579 2077 816 2152 dominorum
827 2077 1065 2176 prelatorum,
1085 2078 1347 2175 religiosorum,
1362 2079 1554 2174 baronum,

156 2204 313 2276 militum
326 2218 362 2276 et
372 2204 540 2300 ligiorum
555 2202 736 2276 nobilium
750 2227 792 2274 ac
808 2203 1049 2274 universitatis
1062 2202 1255 2276 bominum
1276 2219 1453 2283 terrerum
1466 2206 1555 2282 dicti

154 2330 380 2429 principatrls
396 2344 432 2402 et
449 2329 619 2402 eomitivc
642 2327 797 2400 indicto
821 2327 1030 2425 principatu
1048 2327 1210 2426 degentis
1225 2345 1262 2403 et
1275 2329 1472 2420 militantis
1490 2331 1554 2406 lra-

154 2453 284 2526 bentes
310 2453 356 2526 ad
381 2453 607 2550 infrascripta
637 2451 760 2524 omnia
782 2466 817 2522 et
835 2450 977 2545 singula
999 2475 1041 2522 ac
1064 2450 1313 2548 dependencia
1331 2458 1555 2550 emergencia

155 2593 190 2650 et
207 2601 369 2650 connexa
383 2576 596 2651 mandatum
615 2573 661 2646 ad
676 2573 837 2672 plenum,
852 2588 963 2670 prout
981 2575 1142 2647 constitit
1159 2575 1272 2646 michi
1287 2575 1384 2650 dicto
1399 2581 1553 2667 notario,

153 2701 302 2800 publico
317 2701 558 2775 instrumento
569 2715 726 2796 sumpto,
740 2699 874 2796 scripto
889 2713 923 2770 et
936 2697 1142 2795 subscripto
1157 2723 1268 2772 manu
1287 2702 1358 2772 rnei
1375 2701 1464 2774 dicti
1485 2726 1553 2774 no-

155 2827 253 2920 tarii,
263 2825 371 2898 bullis
380 2823 624 2924 pendentibus
638 2823 784 2919 majoris
795 2838 830 2894 et
846 2822 999 2895 sanioris
1015 2823 1128 2920 partis
1141 2823 1303 2921 ipsorum
1317 2823 1552 2900 dominorum

155 2927 389 3054 prelatorum,
401 2950 660 3048 religiosorum,
670 2947 863 3038 baronum,
877 2947 1048 3036 rnilitum,
1057 2948 1224 3044 ligiorum
1236 2949 1417 3024 nobilium
1426 2953 1553 3024 etuni-

156 3079 329 3152 versitatis
342 3077 539 3166 bullatum,
555 3089 661 3148 otest
684 3074 730 3146 de
748 3073 1013 3146 consuetudine
1025 3076 1157 3170 patrie,
1173 3074 1245 3146 tim
1262 3078 1409 3150 nomine
1425 3103 1553 3152 eorum

155 3207 306 3306 proprio
327 3203 437 3302 qubm
458 3203 606 3274 nomine
622 3217 657 3274 et
673 3226 741 3298 pro
759 3215 861 3298 parte
884 3202 1052 3272 omnium
1069 3216 1105 3272 et
1124 3202 1348 3300 singulorum
1365 3205 1552 3302 supradic-

157 3347 291 3418 torum,
302 3328 522 3400 unanimiter
531 3341 567 3398 et
576 3325 816 3414 concorditer,
828 3326 973 3396 nemine
987 3323 1227 3422 discrepante,
1238 3327 1300 3398 sed
1311 3353 1436 3400 eorum
1448 3333 1552 3426 pura,

157 3459 271 3544 merei,
292 3453 447 3550 gratuita
467 3465 504 3522 et
523 3451 723 3547 spontanei
737 3445 933 3530 voluntate,
950 3448 987 3518 in
1009 3449 1078 3520 mei
1093 3448 1179 3520 dicti
1200 3451 1331 3522 notarii
1350 3454 1552 3547 presencia,

156 3579 282 3654 conlisi
293 3577 339 3650 de
353 3575 434 3660 srde,
450 3573 658 3674 prudentiis,
672 3571 879 3642 maturitate
892 3585 928 3642 et
939 3569 1071 3642 virtute
1082 3570 1184 3666 legali
1196 3572 1373 3646 nobilium
1390 3576 1551 3650 virorum

155 3704 397 3780 Bartholomei
413 3699 583 3776 Bombini
605 3713 641 3774 et
663 3695 789 3772 Jacobi
816 3697 964 3771 Scazani
978 3695 1066 3770 dicti
1093 3699 1281 3770 ttosomice
1305 3724 1348 3770 ac
1372 3699 1551 3774 lohanelli

157 3831 325 3928 Rostagni
344 3827 390 3902 de
405 3827 554 3925 Neapoli
575 3825 661 3898 licet
683 3824 894 3899 absencium
911 3823 1097 3920 tamquam
1116 3827 1356 3922 presencium,
1376 3827 1550 3918 iecerunt,

156 3959 418 4032 ordinaverunt
431 3967 634 4026 statuerunt
651 3967 686 4024 et
706 3967 921 4025 creaverunt
942 3953 1040 4048 ipsos
1062 3967 1098 4024 et
1113 3952 1313 4049 quendibet
1326 3955 1488 4052 ipsorum
1510 3957 1549 4028 in

155 4085 310 4158 solidum
326 4080 544 4170 comuniter,
559 4077 726 4150 semotim
742 4076 797 4150 vel
816 4077 971 4167 divisim,
987 4077 1034 4148 ita
1049 4077 1148 4174 qubd
1163 4081 1374 4178 occupantis
1389 4081 1550 4154 conditio

157 4209 284 4284 melior
296 4233 373 4280 non
385 4207 520 4292 existat,
534 4204 572 4276 in
587 4227 714 4276 eorum
734 4201 806 4274 tim
824 4204 980 4302 propriis
992 4201 1202 4276 nominibus
1215 4203 1324 4300 quam
1340 4207 1550 4282 nominibus

155 4337 288 4436 quibus
309 4357 418 4432 supra
442 4331 529 4404 dicti
557 4330 781 4428 principatus
806 4328 1031 4416 substitutos,
1055 4343 1324 4425 procuratores,
1348 4331 1546 4416 ministros,

154 4461 336 4561 syndicm,
349 4471 500 4572 actores,
520 4454 684 4542 sectores,
700 4453 934 4547 negociorum
950 4466 1116 4548 gestores,
1134 4450 1420 4524 locumtenentes
1430 4477 1547 4543 veros,

159 4603 274 4662 certos
289 4600 324 4657 et
345 4582 579 4670 indubitatus,
593 4604 792 4676 yconomos
809 4594 845 4650 et
863 4580 1018 4650 nuncios
1034 4577 1205 4676 speciales
1222 4593 1257 4648 et
1271 4577 1450 4673 quidquid
1472 4605 1549 4653 me·

156 4713 234 4804 lius,
244 4709 427 4784 efficacius
440 4722 476 4778 et
491 4705 538 4778 de
550 4703 632 4800 jure
649 4703 721 4776 dici
735 4718 771 4776 et
784 4703 919 4776 censeri
929 4716 1063 4800 potest,
1078 4715 1111 4772 et
1124 4698 1324 4797 specialiter
1339 4699 1385 4772 ad
1394 4727 1548 4802 ‚compa-

157 4840 310 4912 rendum
326 4858 448 4908 coram
463 4831 589 4904 inclito
607 4844 643 4901 et
656 4829 783 4900 illustri
800 4829 953 4900 domino
967 4826 1119 4898 domino
1136 4824 1292 4898 Amedeo
1307 4825 1353 4898 de
1367 4827 1548 4902 Sabaudiit

156 4964 322 5062 principe
333 4957 512 5057 Pynerolii
523 4971 652 5027 etcum
667 4951 794 5024 eodem
806 4949 1047 5040 tractandum,
1057 4950 1357 5050 promittendum,
1368 4956 1547 5052 poetizan-

157 5088 256 5178 dum,
270 5080 579 5182 componendum,
595 5075 812 5168 laciendum,
828 5073 1083 5168 afirmandurn,
1098 5076 1404 5166 confirmandum,
1416 5104 1548 5158 conve·

256 5221 297 5276 1¹·
311 5223 450 5274 renate.
1390 5195 1430 5268 37
