3928 6044
698 633 1073 716 nucuanausxos.
1532 654 1593 719 aas

187 779 247 867 iis,
280 782 422 876 etjam
444 781 565 878 palum
594 785 861 874 resistentibus,
898 787 999 882 signo
1036 785 1121 859 dato
1155 809 1317 884 pugnam
1347 787 1467 858 infert.
1497 789 1592 883 AEgi·

164 897 167 904 ’
189 919 281 976 nette
295 927 457 1000 pugnam
481 929 559 978 nou
579 905 796 998 detrectant,
815 924 852 980 et
864 908 1037 982 audacter
1059 933 1134 982 sese
1148 907 1274 982 contra
1294 909 1467 982 ollerunt.
1486 915 1592 986 Com·

188 1028 344 1100 mittitur
368 1027 538 1126 proeliurn
566 1031 791 1104 atrocissum.
824 1031 974 1104 Plurimi
1001 1058 1044 1105 ex
1069 1033 1236 1106 hostibus
1254 1034 1375 1132 primo
1400 1057 1591 1129 congressu

186 1152 383 1224 ceduntur.
402 1159 558 1226 Demtrm
577 1154 661 1226 cirm
677 1155 855 1228 barbarus
871 1157 977 1230 coede
990 1181 1140 1230 suorum
1153 1158 1355 1232 admodum
1374 1157 1592 1255 indignatus,

188 1277 348 1348 immisso
373 1277 511 1348 recenti
536 1277 789 1374 supplemento
815 1278 991 1370 militum,
1020 1305 1183 1379 pugnarn
1214 1283 1483 1377 reintegrasset,
1505 1280 1592 1354 clun

187 1425 296 1500 parva
317 1425 446 1472 manus
465 1417 502 1474 et
513 1403 588 1497 jam
613 1427 654 1474 es
676 1405 751 1476 acri
770 1403 951 1501 longaque
969 1405 1206 1478 dimicatione
1223 1405 1312 1476 lessa
1334 1421 1387 1476 tot
1405 1403 1591 1478 Mabume·

187 1541 357 1598 ranorum
378 1524 489 1598 millia
508 1527 685 1600 sustinere
706 1527 806 1605 hau'd
826 1545 957 1626 posset,
981 1531 1160 1626 AEginetas
1184 1529 1409 1602 retrocedere
1435 1555 1479 1602 ac
1498 1532 1591 1603 intra

187 1650 316 1721 urbem
328 1675 404 1722 sese
420 1652 580 1749 recipere
599 1653 789 1750 compulit.
807 1658 946 1750 ltaque,
967 1653 1111 1726 ulturus
1121 1653 1311 1726 audaciam
1331 1655 1592 1750 AEgiuetarum,
1705 1681 1707 1686 ·

185 1773 374 1846 suavibus
395 1791 576 1848 tormenta
601 1793 637 1848 et
657 1777 803 1850 missilia
819 1803 895 1850 non
910 1801 1026 1875 pauca
1042 1777 1193 1868 extrahi,
1209 1793 1245 1850 et
1261 1802 1336 1850 uno
1351 1793 1461 1876 atque
1478 1779 1592 1852 altero

186 1902 225 1972 in
246 1897 328 1972 loco
342 1901 480 1999 apponi
497 1900 659 1992 mandat,
676 1901 796 1974 diruta
809 1903 918 1998 igitur
930 1901 1068 1998 majore
1083 1927 1274 1974 nemorum
1299 1917 1419 2002 parte,
1435 1928 1511 2000 quo
1525 1929 1591 2004 pa·

186 2027 321 2096 tentior
333 2024 511 2098 militibus
529 2025 650 2098 aditus
664 2026 781 2114 soret,
801 2025 912 2122 quluu
936 2028 1094 2100 maximo
1107 2026 1217 2100 datur
1241 2029 1393 2126 impetu,
1410 2044 1446 2100 et
1457 2045 1591 2104 conatu

187 2149 316 2222 urbem
330 2151 492 2235 adortus,
513 2149 694 2248 externplo
708 2151 817 2249 capit,
835 2165 872 2222 et
885 2149 1015 2222 eodem
1030 2165 1193 2249 tempore
1209 2168 1403 2250 expugnat.
1430 2155 1592 2249 AEquatis

185 2288 306 2344 autern
324 2275 508 2346 moenibus
523 2274 619 2364 solo,
641 2273 930 2373 depraedatisque
951 2275 1084 2346 civium
1100 2275 1228 2366 bonis,
1245 2300 1289 2348 ac
1302 2270 1472 2350 domibus
1489 2303 1590 2350 com·

186 2396 319 2487 bustis,
344 2399 440 2500 uiros
455 2400 636 2496 AEginetas
656 2423 786 2472 omnes
813 2398 859 2471 ad
884 2425 1000 2472 unum
1027 2395 1240 2473 obtruncari
1262 2401 1381 2497 jubet.
1413 2403 1592 2476 Foeminas

185 2522 272 2594 verb
294 2538 371 2596 tum
390 2523 542 2614 nobiles,
558 2509 637 2596 tum
654 2522 908 2620 ignobiles,ne
923 2522 1018 2596 ullus
1038 2525 1179 2596 saeritiae
1199 2525 1301 2598 locus
1320 2527 1450 2624 reliqui
1471 2527 1591 2618 lieret,

183 2645 231 2720 ad
242 2663 409 2745 stuprum
429 2648 549 2720 nautis
562 2663 597 2720 et
613 2647 791 2720 militibus
804 2643 1011 2746 promiscue
1026 2648 1206 2730 concedit.
1221 2653 1319 2738 Quas
1334 2650 1483 2747 inquam
1493 2667 1591 2748 post·

184 2770 338 2844 modum
364 2769 436 2844 una
455 2796 540 2848 oum
565 2770 764 2844 infantibus
785 2787 821 2842 et
838 2773 960 2870 pueris
974 2771 1127 2844 navibus
1142 2787 1326 2862 oneratas,
1347 2798 1429 2871 quae
1445 2775 1521 2870 jam
1547 2800 1590 2855 ex

185 2895 322 2990 ingenti
342 2895 609 2992 multiplicique
633 2895 753 2993 praeda
769 2895 999 2982 fatiscebant,
1020 2910 1056 2966 et
1073 2895 1111 2966 in
1131 2897 1282 2977 Atticam
1298 2897 1440 2994 ejectas,
1454 2904 1588 2999 Byzan·

185 3020 275 3093 tium
284 3020 333 3094 ad
347 3020 578 3094 durlssitnam
590 3036 627 3098 et
641 3035 856 3118 perpetuam
866 3021 1077 3094 servitutem
1091 3019 1187 3094 trahi
1202 3022 1369 3120 imperat.
1378 3021 1511 3098 Deletis
1524 3047 1589 3123 pe·

185 3141 282 3216 nitlrs
312 3145 499 3240 AEginetis,
522 3145 601 3250 pari
620 3143 891 3243 propemodum
919 3145 1058 3242 impetu
1085 3169 1128 3218 ac
1156 3146 1380 3218 immanitate
1412 3149 1534 3220 Parios
1555 3164 1590 3220 et

185 3269 368 3365 proximos
389 3284 498 3364 atque
516 3267 673 3340 aliorum
691 3267 1010 3341 locoruminoolas
1021 3267 1239 3364 aggreditur.
1255 3273 1355 3357 Quos
1368 3295 1495 3342 omnes
1512 3296 1589 3342 mo·

184 3408 308 3466 mento
317 3391 431 3466 ferme
445 3408 649 3491 superatos,
670 3391 876 3484 debellarit,
886 3391 1202 3496 depopulatusque
1217 3409 1280 3482 est,
1295 3393 1541 3468 resistentibus
1554 3411 1589 3467 et

182 3516 474 3606 adversantibus,
494 3516 715 3613 senibusque
733 3517 868 3614 pariter
887 3515 1103 3600 intersectis,
1122 3516 1273 3614 arreptis
1285 3515 1332 3588 ad
1350 3517 1428 3588 haec
1442 3517 1588 3612 juveni·

183 3640 253 3714 bus
275 3643 341 3739 qui
357 3641 446 3722 caedi
463 3642 737 3750 superfuerant,
760 3655 794 3711 et
816 3639 967 3738 remigio
995 3639 1167 3727 addictis,
1193 3638 1484 3712 adolescentibus
1503 3643 1592 3728 verb

182 3767 426 3874 constupratis
438 3781 474 3844 et
499 3765 671 3863 ablegatis
683 3764 730 3839 ad
744 3765 941 3840 claustrum
959 3763 1049 3839 illud
1062 3764 1271 3863 percelebre
1282 3767 1589 3872 Constantinopo«

182 3889 355 3981 litonum,
373 3891 471 3966 unde
490 3888 574 3966 sane
591 3891 696 3989 pueri
722 3889 808 3964 illuc
826 3889 1046 3974 introducti,
1061 3887 1216 3990 puberes
1229 3888 1306 3986 jam
1327 3889 1447 3964 allecti
1471 3905 1507 3967 et
1522 3893 1590 3964 mi,

184 4013 324 4088 litarem
336 4015 413 4110 jam
431 4013 661 4112 disciplinam
675 4013 808 4102 edocti,
823 4012 925 4088 nullo
939 4013 1086 4092 nondie
1101 4014 1139 4085 in
1151 4015 1350 4112 perniciem
1367 4014 1589 4092 Christiano-

184 4164 265 4212 rum
288 4139 524 4237 postmodum
545 4139 765 4212 educuntur.
784 4143 868 4212 Haec
883 4153 995 4236 atque
1027 4137 1097 4212 alia
1116 4137 1153 4210 id
1171 4163 1284 4238 genus
1307 4139 1530 4212 atrocissima
1555 4156 1591 4212 et

183 4264 441 4338 nefandissima
451 4264 536 4337 citur
546 4262 616 4336 sub
625 4262 740 4336 oculis
749 4259 1004 4360 propenostris
1012 4261 1152 4352 fierent,
1173 4265 1231 4336 vix
1243 4288 1318 4336 uno
1331 4279 1390 4336 aut
1403 4265 1517 4338 altero
1531 4263 1589 4336 die

184 4389 393 4483 interjectis,
403 4414 487 4462 ecce
501 4387 621 4460 classis
633 4387 680 4459 ad
691 4411 757 4459 nos
771 4385 871 4464 haud
886 4401 1015 4489 prater
1028 4388 1241 4485 opinionem
1255 4401 1291 4458 et
1305 4388 1589 4484 expectationem

184 4515 293 4584 remis
316 4511 477 4610 velisque
497 4510 606 4584 simul
638 4527 717 4592 acta
745 4508 1113 4608 repenteadnavigat,
1139 4510 1252 4582 immb
1273 4509 1426 4581 advolat.
1459 4516 1589 4582 Accur·
1709 4598 1712 4604 Ι

185 4652 271 4710 runt
284 4636 330 4710 ad
351 4637 480 4708 urbem
504 4633 626 4733 pavidi
643 4633 849 4740 trepidique
865 4634 960 4706 cives
982 4648 1019 4704 et
1033 4649 1199 4730 agrestes,
1218 4657 1334 4706 mares
1347 4632 1590 4732 soeminaeque,

182 4761 332 4838 desertis
356 4763 466 4834 totius
485 4759 611 4835 insulae
632 4758 738 4850 loeis,
755 4757 904 4830 desertis
922 4756 1112 4846 domibus,
1136 4755 1589 4856 relictaquesuppellectili

183 4886 312 4982 majori
328 4910 369 4957 ex
388 4900 501 4984 parte.
518 4886 573 4956 Fit
583 4885 709 4980 ingens
723 4882 848 4972 turba,
862 4899 1016 4967 coeunt,
1036 4881 1309 4980 lachrymantur
1322 4905 1449 4966 ornnes
1465 4908 1507 4956 ac
1528 4909 1591 4954 vo-

184 5010 400 5096 ciferantum
422 5012 450 5080 it
464 5009 603 5083 clamor
619 5007 724 5080 coelo.
748 5013 836 5096 Quae
856 5008 1007 5105 inquam
1027 5007 1062 5080 in
1078 5007 1244 5079 extremis
1259 5007 1430 5105 periculis
1444 5007 1590 5106 plerun-

188 5159 262 5238 que
278 5135 515 5229 contingunt,
533 5132 632 5206 lraud
654 5157 799 5230 irasque
819 5131 1068 5230 ignorabatur,
1084 5131 1171 5229 quid
1189 5131 1383 5230 adlluxurn
1399 5131 1518 5204 classis
1532 5130 1592 5204 ad·
