3928 6044
379 647 440 712 sos
603 625 971 712 dctrracrssurmrts
990 641 1070 706 sun
1091 645 1140 706 tr
1162 619 1307 706 nouas
1327 641 1559 732 suanense.

380 777 495 880 prope
516 781 553 850 in
576 777 727 849 modum
744 791 873 864 aucte,
894 791 1030 846 utnon
1058 773 1175 846 solum
1196 771 1300 847 vobis
1320 773 1461 846 tametsi
1479 772 1726 846 concordibus
1746 791 1784 848 et

380 906 548 976 inunum
567 902 700 972 coactis
718 899 834 997 (quod
849 898 1094 970 difficilimum
1114 913 1168 970 est
1184 897 1232 970 ad
1243 897 1370 995 fidem)
1385 897 1506 994 palam
1520 899 1700 988 resistere,
1720 923 1782 970 ve-

379 1052 459 1098 rum
483 1027 592 1097 etiam
613 1024 813 1096 molestiam
839 1039 876 1096 et
894 1025 968 1094 vim
996 1021 1110 1119 quiam
1134 1023 1325 1096 maximam
1357 1022 1493 1094 inferre
1525 1021 1657 1110 valeat,
1681 1023 1783 1120 quod

379 1149 495 1249 reipsa
510 1152 749 1222 certissimum
776 1148 997 1244 intelligetis,
1013 1146 1077 1220 ubi
1094 1148 1336 1220 ferocissimus
1355 1147 1533 1220 barbarus
1549 1148 1642 1222 felici
1658 1174 1782 1222 rerum

378 1299 526 1347 suarum
541 1299 704 1346 successu
722 1272 852 1344 merito
870 1271 1001 1358 elatus,
1019 1297 1062 1344 ac
1079 1271 1247 1370 plurimis
1260 1273 1336 1367 jam
1354 1272 1513 1344 victoriis
1527 1271 1782 1361 effervescens,

377 1399 655 1496 sequentianno
674 1397 728 1491 (id
742 1395 840 1493 quod
863 1395 923 1466 die
944 1411 1130 1498 noctuque
1152 1394 1364 1486 meditatur,
1387 1411 1423 1468 et
1440 1395 1685 1494 undequaque
1703 1423 1781 1470 mo·

379 1523 482 1621 litur)
503 1547 567 1593 vos
591 1545 717 1594 omnes
745 1521 904 1592 terrestri
939 1521 1199 1616 maritimoque
1220 1519 1317 1592 bello
1348 1519 1456 1592 luerit
1477 1519 1639 1594 adortus.
1661 1526 1784 1610 Quare

378 1649 514 1720 interea
532 1646 616 1718 date
631 1671 791 1744 operam,
813 1669 935 1742 quaeso
964 1643 1095 1738 (restra
1117 1645 1285 1718 omnium
1307 1643 1422 1718 salute
1440 1669 1515 1722 non
1532 1645 1620 1718 odio
1641 1645 1782 1722 dictum

377 1771 632 1860 arbitremini),
648 1783 689 1841 ut
706 1785 788 1867 post
801 1783 857 1840 tot
869 1765 1048 1841 bellorum
1063 1768 1226 1840 civilium
1240 1759 1405 1842 turbines
1420 1783 1610 1866 notasque
1629 1785 1782 1868 tempos·

377 1911 466 1967 tates
483 1909 575 1993 quot
594 1892 812 1991 quantisque
836 1893 1011 1966 hactenns
1029 1893 1127 1965 ultro
1154 1894 1320 1992 citroqffl
1336 1894 1462 1989 jactati
1490 1895 1588 1984 estis,
1606 1896 1698 1968 inter
1718 1919 1784 1966 vos

375 2019 559 2118 denique,
582 2035 623 2092 ut
649 2020 834 2092 discordes
850 2021 1158 2118 praeoccupaverit
1182 2018 1238 2114 (nt
1260 2019 1391 2092 veteris
1409 2020 1562 2092 instituti
1600 2021 1783 2117 morisque

376 2145 484 2215 vestri
504 2159 577 2234 est,
602 2167 645 2214 ac
662 2143 923 2214 immitissimus
937 2167 979 2213 ac
997 2131 1437 2215 fallacissimus'barbarus
1454 2145 1697 2242 maximopere
1716 2169 1783 2220 ou·

376 2271 451 2368 pit,
473 2285 508 2340 et
531 2269 621 2341 clam
645 2269 799 2358 nititur,
827 2268 916 2340 dum
939 2269 1001 2339 uui
1028 2266 1157 2340 callide
1175 2269 1312 2342 arridet
1331 2294 1373 2340 ac
1391 2267 1599 2358 blanditur,
1618 2285 1658 2342 ut
1671 2267 1783 2344 alium

378 2395 584 2491 intercipiat
607 2409 643 2466 et
670 2393 866 2492 opprimat)
888 2394 1075 2466 universos
1097 2394 1331 2492 postmodum
1348 2449 1358 2484 ,
1378 2419 1481 2466 more
1500 2395 1682 2490 majorum
1700 2419 1783 2468 suo·

332 2511 337 2522 ’
377 2493 471 2607 rum,
481 2518 584 2590 brevi
599 2533 763 2618 tempore
779 2517 909 2616 perdat
922 2543 965 2590 ac
978 2517 1116 2607 deleat;
1130 2517 1242 2606 uude,
1256 2512 1439 2590 conversis
1454 2517 1609 2590 oraculis
1620 2517 1782 2618 Prophe

376 2645 680 2730 tarum‚unumiu
688 2659 765 2715 toto
777 2643 867 2715 orbe
878 2659 1058 2716 terrarum
1069 2643 1174 2734 ovile,
1184 2643 1483 2724 llahumetanum
1493 2643 1638 2734 scilicet,
1649 2669 1783 2716 unum-

376 2791 448 2863 que
461 2769 628 2840 omnium
650 2783 782 2866 pastor,
799 2765 993 2856 Mahnmet,
1008 2770 1131 2838 nostrl
1144 2766 1252 2866 culpi
1268 2768 1343 2842 liat.
1362 2767 1472 2856 Quod
1486 2769 1607 2840 necui
1621 2783 1781 2842 vestrum

378 2892 513 2962 mirum
528 2891 695 2962 videatur
713 2907 776 2963 aut
791 2890 1013 2991 impossibile
1029 2907 1193 2990 putetur,
1212 2891 1497 2968 laudatissimum
1510 2907 1548 2964 et
1566 2893 1783 2990 comproba·

384 3015 561 3086 tissimum
573 3015 663 3088 illud
671 3015 931 3111 nostrigeneris
940 3016 1353 3088 auctoriatestimouinm
1362 3016 1400 3088 in
1414 3016 1577 3092 medium
1586 3017 1782 3115 proferam3

378 3141 444 3236 qui
468 3141 617 3237 inquam
639 3165 768 3237 parvas
780 3166 837 3213 res
853 3141 1051 3213 concordii
1079 3167 1258 3230 crescere,
1282 3143 1454 3214 maximas
1473 3141 1655 3216 discordia
1668 3142 1781 3218 dilabi

377 3287 422 3336 ac
436 3265 585 3336 interire
601 3265 754 3353 censuit,
768 3267 1017 3362 memorilque
1034 3265 1209 3364 prodidit.
1222 3265 1358 3366 Veniam
1368 3289 1415 3338 ne
1428 3266 1511 3364 plus
1531 3291 1637 3364 ecquo
1655 3268 1782 3374 Crispo

376 3403 503 3460 nostro
523 3387 684 3460 tribuere
702 3413 760 3461 me
777 3389 928 3478 ducatis,
947 3391 1101 3488 accipite
1114 3389 1306 3462 oraculum
1322 3389 1370 3462 ab
1391 3415 1455 3465 ore
1474 3390 1608 3464 Christi
1621 3391 1781 3496 propbe-

258 3599 262 3608 .
377 3529 497 3588 tarum
520 3515 750 3588 minutissimi
765 3514 852 3587 olim
871 3517 1062 3605 emissum,
1078 3516 1143 3612 qui
1162 3515 1216 3612 (ut
1233 3529 1412 3588 testantur
1428 3531 1588 3614 quatuor
1599 3516 1716 3590 divini
1730 3517 1781 3588 illi

377 3639 580 3736 Evangelici
593 3642 793 3739 praecones)
805 3665 915 3738 regno
934 3640 1123 3714 dissidenti
1137 3641 1324 3714 interitum
1341 3657 1378 3714 et
1393 3641 1652 3716 desolationem
1672 3644 1782 3716 iuter-2

377 3767 533 3837 minatus
555 3781 619 3838 est.
648 3773 700 3838 An
724 3767 921 3840 obscurum
943 3783 994 3840 est
1010 3767 1268 3840 xducentorum
1294 3783 1330 3839 et
1348 3783 1520 3866 quatuor,
1545 3769 1620 3840 sive
1643 3768 1781 3865 (utxabi

377 3887 532 3987 malunt)
554 3889 797 3962 ducentorum
816 3905 852 3962 et
875 3891 1021 3986 triginta
1044 3917 1227 3966 annorum
1247 3893 1364 3992 spatio
1386 3892 1586 3966 Othomaui
1607 3893 1781 3966 familiam

377 4008 660 4084 christianorum
680 4015 888 4111 principum
902 4014 997 4087 odiis
1015 4031 1050 4087 et
1074 4016 1375 4090 contentionibus
1389 4019 1525 4092 mutuis
1540 4017 1782 4094 adductamet

377 4137 588 4236 pellectum,
610 4137 695 4211 cirm
712 4139 731 4210 ὲ
745 4141 947 4237 primordio
962 4144 1016 4213 sui
1030 4146 1169 4241 privata
1185 4160 1221 4217 et
1243 4147 1430 4246 pertenuis
1444 4161 1551 4233 esset,
1575 4146 1694 4220 mutto
1702 4171 1781 4220 arn-

375 4263 491 4362 pliora
519 4279 554 4336 et
574 4265 818 4362 opulentiora,
839 4265 1073 4366 firmioraque
1095 4273 1245 4371 imperia
1276 4273 1407 4370 passim
1432 4274 1469 4344 in
1491 4271 1582 4346 orbe
1601 4289 1781 4346 terrarum

375 4389 444 4463 sibi
466 4415 693 4488 comparasse
712 4391 815 4487 (pace
838 4397 953 4464 vestro
975 4395 1114 4466 dictum
1140 4385 1392 4494 velimlqulrm
1417 4421 1482 4470 vos
1503 4390 1587 4470 licet
1607 4398 1783 4471 omnibus

376 4519 495 4611 regnis
512 4518 637 4590 vestris
658 4517 695 4589 irr
720 4541 836 4590 unum
859 4521 1001 4616 positis,
1024 4538 1061 4593 et
1083 4547 1168 4595 cum
1197 4523 1266 4597 illis
1289 4525 1407 4620 regnis
1429 4523 1569 4596 collatis
1588 4525 1712 4598 cuncti
1730 4541 1781 4596 te«.

377 4643 490 4714 neatis
513 4657 548 4713 et
579 4641 811 4741 possideatis?
842 4645 1136 4742 Expergiscimini
1160 4663 1406 4745 quapropter,
1440 4663 1475 4720 et
1500 4647 1667 4746 deposito
1687 4651 1780 4720 anti·

376 4791 452 4862 quo
470 4782 637 4856 veterno,
658 4769 859 4866 aliquando
877 4770 1007 4866 (immo
1022 4773 1322 4870 quamprimum)
1337 4775 1543 4872 resipiscite,
1560 4775 1779 4862 revalescite,

379 4913 501 4960 rerum
516 4873 714 4964 vestrarum
735 4910 904 4966 eventum
920 4897 1127 4995 prospicite,
1143 4896 1363 4970 calamitates
1376 4923 1419 4970 ac
1432 4898 1630 4971 infortunia
1649 4913 1778 4988 vestra,

376 5014 403 5088 si
424 5037 498 5082 nou
518 5018 708 5110 prasentia
736 5016 890 5112 (utinam
909 5020 1077 5117 equidem
1096 5023 1264 5120 mentiar)
1282 5039 1318 5093 at
1337 5022 1461 5094 saltem
1478 5023 1722 5122 impendentia
1746 5039 1780 5095 et

377 5139 496 5220 lutura
518 5165 557 5210 ex
575 5139 698 5211 alienis
712 5145 862 5216 miseriis
880 5148 1054 5240 cogitate,
1069 5147 1296 5244 perpendite,
1318 5152 1512 5240 irretimini,
1530 5151 1706 5246 omnique
1719 5175 1779 5222 su·
