3862 6048
374 653 439 716 au
604 630 970 716 mmmmmnrms
990 651 1069 714 sua
1089 631 1304 716 n'uoann
1323 643 1555 741 murense.

378 785 441 858 tud
457 785 492 858 la
507 783 738 884 principante
755 783 1004 892 dMarguerite
1016 807 1065 856 au
1081 807 1140 856 cas
1153 781 1370 857 oulsabelle
1389 783 1545 858 n’aurait
1562 809 1628 884 pas
1644 783 1779 858 dutri-

379 911 447 982 tier
462 907 555 980 mile
569 910 596 979 ¹.
614 913 666 984 Ce
680 909 745 1004 qui
764 931 823 980 me
841 911 958 1005 paruit
973 908 1092 982 mieux
1111 905 1303 980 ddmontrd
1326 923 1379 981 est
1393 933 1435 981 oe
1452 909 1516 1006 qui
1533 923 1588 982 eet
1607 909 1778 1009 rapport&

373 1032 468 1106 dans
488 1057 540 1105 un
555 1033 732 1106 me'moire
752 1033 818 1105 tire
836 1033 883 1106 de
899 1033 1102 1106 l’ancienne
1118 1033 1299 1106 Chambre
1312 1033 1375 1106 des
1397 1049 1560 1133 oomptes
1580 1044 1617 1107 et
1629 1059 1702 1133 que
1714 1035 1779 1132 j’ai

378 1155 574 1256 rapporte’
594 1157 744 1258 d’aprda
762 1183 814 1232 un
837 1159 1035 1232 manuscrit
1054 1158 1101 1230 de
1119 1164 1178 1230 Du
1202 1163 1334 1256 Gange.
1363 1158 1462 1231 {lest
1484 1158 1624 1232 adressa
1641 1185 1708 1258 par
1726 1157 1779 1231 ies

377 1281 513 1355 barone
529 1281 575 1355 de
590 1282 710 1356 Morde
723 1309 771 1356 au
789 1283 846 1354 roi
863 1281 910 1354 de
923 1285 1119 1380 Majorque.

426 1439 443 1474 α
462 1413 609 1481 Certum
623 1425 689 1498 est,
705 1408 757 1480 lui
776 1407 974 1496 disent-iis,
989 1409 1090 1505 qubd
1102 1410 1272 1507 princeps
1284 1408 1497 1482 Guillelmus
1508 1461 1518 1499 ‚
1531 1433 1638 1480 verus
1658 1407 1776 1480 domi-

377 1557 447 1606 nus
472 1548 508 1605 et
528 1533 675 1606 ultimus
692 1531 892 1634 princeps³
909 1534 1021 1605 totius
1041 1533 1268 1632 principatus
1288 1531 1437 1624 Aobaie,
1463 1533 1614 1606 decessit
1636 1533 1780 1606 duabus

378 1655 460 1728 filiis
474 1656 617 1728 relictis.
629 1657 757 1754 Majori
768 1655 921 1754 quidem
933 1655 1071 1729 dimisit
1085 1669 1202 1728 totum
1215 1655 1612 1755 principatumdebaie‚
1620 1655 1781 1729 secunde

372 1780 574 1878 quamdam
598 1780 789 1854 baroniam
816 1795 978 1856 vocatam
1004 1779 1195 1854 baroniam
1219 1781 1265 1854 de
1289 1782 1510 1878 Matagriffo,
1533 1805 1608 1879 que
1631 1797 1684 1854 est
1708 1780 1780 1854 sub

376 1906 537 1977 tenentid
553 1905 642 1978 dicti
655 1905 894 2003 principatus,
908 1904 1161 1978 substituendo
1176 1904 1222 1978 ad
1235 1907 1408 1994 invicem,
1422 1905 1524 2002 quod
1537 1906 1567 1978 si
1580 1905 1702 2003 aliqua
1714 1904 1780 1976 de-

372 2025 614 2104 cederet'sine
629 2030 772 2122 liberis,
791 2030 892 2128 quod
914 2055 1000 2132 pars
1014 2028 1089 2104 sibi
1108 2030 1235 2104 relicta
1254 2030 1390 2106 rediret
1409 2030 1456 2106 ad
1474 2030 1583 2106 aliam
1601 2055 1709 2130 super
1724 2033 1780 2104 vi-

375 2168 522 2226 ventem
535 2168 598 2226 aut
611 2151 658 2224 ad
672 2153 750 2250 ejus
764 2151 908 2228 liberos.
923 2184 941 2220 a

426 2284 474 2352 Le
490 2293 636 2350 contrat
651 2277 697 2350 de
709 2279 866 2376 mariage
881 2277 1088 2367 d’lsobelle‚
1104 2276 1176 2353 fille
1190 2277 1236 2350 de
1251 2279 1486 2374 Mar-guento,
1501 2293 1627 2352 atteste
1639 2301 1710 2376 que
1728 2277 1782 2351 les

374 2403 493 2476 droits
511 2403 557 2476 de
576 2429 615 2478 sa
632 2400 730 2476 mere
743 2403 877 2476 etaient
892 2403 1084 2503 beaucoup
1101 2401 1183 2501 plus
1197 2401 1380 2476 dventuels
1394 2428 1466 2502 que
1485 2429 1532 2476 ne
1550 2403 1584 2476 le
1605 2403 1660 2479 dit
1672 2408 1779 2476 Mun-

382 2543 499 2601 taner.

426 2659 620 2727 Montaner
634 2668 687 2726 est
698 2653 732 2725 le
745 2652 819 2725 seul
835 2651 1012 2726 historien
1028 2653 1094 2750 qui
1108 2676 1203 2724 nous
1220 2650 1297 2725 dise
1308 2650 1483 2750 quelques
1496 2667 1591 2725 mots
1604 2651 1651 2724 de
1668 2677 1710 2724 ce
1723 2651 1782 2725 fils

377 2778 431 2851 du
445 2791 565 2850 comte
582 2775 755 2850 d’Andria
772 2776 818 2849 de
836 2775 871 2850 la
890 2777 1029 2848 maison
1048 2775 1093 2848 de
1112 2781 1221 2868 Baux,
1241 2777 1307 2874 qui
1326 2775 1381 2848 sut
1399 2775 1522 2848 donne
1538 2799 1635 2875 pour
1650 2775 1741 2848 mari
1758 2774 1782 2849 it

378 2903 608 2998 Marguerite.

425 3053 444 3090 α
460 3029 550 3097 Com
569 3025 606 3098 lo
626 3023 677 3096 fill
694 3023 752 3098 del
767 3039 889 3098 comte
905 3021 1050 3097 d’Adria
1066 3021 1162 3097 bach
1183 3024 1293 3124 scytes
1312 3023 1363 3098 les
1380 3049 1510 3115 noces,
1526 3023 1623 3098 dit-il
1630 3023 1659 3116 ⁴,
1676 3039 1782 3098 entra

379 3173 424 3220 en
443 3151 619 3248 poaeeesio
639 3148 684 3222 de
697 3149 732 3222 la
744 3149 896 3222 baronia
910 3148 957 3222 de
976 3149 1174 3245 Matagrifo.
1198 3154 1226 3220 E
1249 3151 1278 3222 si
1291 3147 1415 3222 hanch
1431 3173 1565 3246 senyor
1598 3149 1656 3222 feu
1681 3150 1782 3223 bona

381 3295 514 3370 prora,
535 3271 582 3344 eli
603 3272 654 3344 bo
676 3272 750 3363 seu,
772 3297 845 3369 que
865 3273 902 3346 so
923 3271 1014 3343 molt
1032 3274 1107 3344 sari
1126 3272 1219 3344 e'bo
1240 3271 1287 3345 de
1307 3287 1378 3345 tots
1401 3273 1490 3372 feyts
1493 3323 1587 3344 .....
1610 3277 1784 3370 anuest

380 3411 525 3494 oompte
547 3395 694 3470 d’ddria
718 3421 755 3468 es
774 3395 833 3468 dei
854 3395 1000 3492 llinatge
1019 3393 1096 3468 dels
1120 3399 1233 3486 Bous,
1261 3397 1327 3494 qui
1344 3416 1382 3469 es
1406 3395 1441 3468 la
1464 3421 1535 3495 pus
1553 3397 1674 3492 antiga
1699 3421 1780 3469 casa

380 3547 401 3594 e
425 3521 547 3621 lapus
567 3521 733 3596 honrada
759 3521 807 3595 de
835 3521 1035 3619 Proteum,
1065 3535 1257 3621 e'parents
1287 3542 1359 3620 que
1385 3543 1452 3594 son
1478 3520 1537 3594 del
1562 3545 1695 3618 senyor
1719 3545 1783 3619 rey

381 3645 580 3744 d’drago.a

429 3777 478 3842 Le
492 3769 839 3868 seigneurd’Andr-ia
852 3785 887 3841 et
901 3769 948 3841 de
960 3767 1170 3865 Motagn'ion
1185 3782 1247 3841 eut
1256 3766 1303 3840 de
1315 3793 1354 3841 sa
1368 3769 1499 3841 semme
1510 3767 1725 3864 Marguerite
1733 3766 1784 3840 de

379 3891 828 3985 Villo-Hardoin‚unestlle
843 3890 1013 3964 nominee
1033 3889 1428 3990 lsabelle,qui,d'apres
1443 3895 1645 3982 Muntaner,
1656 3892 1720 3989 qui
1733 3887 1783 3962 l’a

379 4038 525 4091 oonnue
536 4015 884 4116 personnellement,
902 4018 1030 4116 naquit
1044 4043 1089 4090 en
1115 4017 1225 4116 12983
1245 4015 1319 4090 eoi
1336 4041 1410 4117 peu
1428 4016 1474 4090 de
1494 4017 1674 4115 temps'de
1693 4014 1728 4088 u
1745 4014 1782 4088 le

380 4139 468 4242 pere
479 4156 630 4216 mourut
645 4137 673 4212 ⁸.

429 4269 644 4366 Marguerite
656 4267 783 4340 refusa
798 4265 845 4340 de
863 4291 901 4340 ue
917 4264 1114 4340 remarier⁶
1126 4281 1163 4340 et
1180 4289 1226 4339 ne
1239 4263 1409 4364 s’oooupa
1423 4264 1505 4364 plus
1526 4287 1598 4368 que
1609 4263 1657 4337 de
1673 4261 1781 4338 l’ave·

411 4551 739 4618 'tulletassanrtnoeuo
750 4549 867 4616 urbana)
879 4555 1062 4603 antonum·
1130 4551 1168 4594 ἰ
1185 4552 1205 4602 Ε
1224 4549 1292 4602 nach
1302 4550 1335 4601 de
1350 4562 1377 4602 te
1396 4552 1491 4604 muter
1510 4563 1564 4602 uua
1584 4549 1638 4602 utu
1655 4551 1701 4615 qut
1714 4551 1782 4602 bach

380 4649 453 4698 mant
455 4677 566 4696 ......
580 4655 662 4708 quo-u
676 4639 1061 4708 (temrdettortattteuuat
1099 4653 1160 4692 non
1177 4640 1404 4694 madonatnbet.
1421 4644 1443 4692 Ε
1461 4653 1521 4694 eom
1536 4641 1562 4692 ta
1579 4640 1634 4692 dtta
1651 4639 1679 4692 to
1695 4639 1780 4696 nata.

380 4719 410 4784 aa
422 4733 476 4784 fllta
488 4731 513 4794 (t
524 4731 647 4796 nabaoth
659 4745 689 4794 co
702 4730 846 4796 quaterno
856 4730 943 4794 nodia.
954 4741 1063 4793 queam
1099 4741 1115 4780 ι
1130 4728 1198 4793 poen
1210 4728 1246 4780 de
1256 4732 1339 4794 unna
1351 4729 1385 4780 alt
1402 4728 1595 4794 normaque
1606 4727 1682 4789 torui
1690 4728 1782 4791 dupu-

378 4821 457 4874 doru
470 4823 558 4875 toruar
571 4819 587 4872 t
601 4833 629 4872 aa
647 4833 772 4884 sumam
783 4819 830 4883 qut
845 4831 890 4872 ert
900 4819 974 4880 atra,
987 4816 1061 4882 tout
1099 4822 1259 4881 mutem
1268 4817 1389 4873 baronte
1399 4819 1515 4882 rantib.
1524 4817 1781 4882 munuum

378 4921 427 4960 ton
436 4919 501 4972 uara
512 4907 537 4957 to
549 4907 626 4960 harto
636 4909 741 4960 ructat.
754 4925 766 4954 ι
779 4906 871 4974 (chan.
880 4905 947 4972 282.)
1099 4921 1133 4960 en
1144 4910 1170 4960 ta
1179 4912 1297 4961 norea·
1313 4907 1469 4973 (Hanunea
1484 4907 1560 4972 emo.
1568 4905 1636 4970 288.)

411 4998 580 5058 ’Hanunea
592 5010 656 5060 ursa
667 5000 722 5050 521.
1129 4997 1273 5050 'cneum
1292 4995 1740 5061 hdomhaebuerduttonmtrlt
1754 4994 1781 5044 ¹0

411 5087 849 5144 'mutunebetttte-ttardotn.
1013 5087 1017 5092 “
1100 5088 1319 5153 notemur
1332 5088 1538 5154 uuordohnu
1548 5086 1648 5151 nume
1664 5085 1779 5138 nuta·

413 5175 622 5239 minuuntur.
1100 5175 1284 5248 (remmio)
1679 5185 1683 5191 ·
