3928 6044
386 646 449 714 ese
613 627 980 712 scurrucssssiusrs
997 646 1077 711 sos
1097 645 1146 709 ss
1167 623 1312 709 nonno
1332 641 1562 734 nulnplrsu.

438 783 521 851 dcc
546 777 648 852 lraile‘
673 778 759 851 esais
777 781 876 875 joint
897 805 947 851 un
971 779 1042 852 etat
1058 777 1122 850 des
1146 777 1224 850 freis
1248 777 1294 852 de
1317 775 1438 849 More'e
1456 799 1542 848 avec
1559 774 1593 848 le
1618 799 1706 846 nom
1722 773 1786 846 des

390 902 643 1003 proprietaires
664 919 700 976 et
722 904 757 975 le
773 904 929 976 nombre
951 904 1014 976 des
1029 904 1127 992 leur,
1151 927 1247 1002 pour
1260 903 1373 975 servir
1386 901 1432 974 de
1454 900 1562 998 guide
1578 900 1598 972 l
1617 900 1784 980 dmedde.

392 1171 497 1224 presens
509 1165 564 1210 etas
578 1157 658 1223 quau
670 1159 812 1212 suceeulva
822 1157 973 1222 posteritas.
984 1157 1068 1221 qood,
1091 1193 1092 1196 ,
1109 1171 1222 1224 sapesso
1236 1163 1374 1222 mortum
1386 1164 1412 1210 et
1424 1161 1552 1210 sudorum
1565 1173 1682 1219 snorum,
1693 1173 1743 1211 uec
1754 1171 1788 1214 ue

391 1246 453 1298 cuim
473 1249 579 1301 illustris
602 1253 628 1299 et
645 1248 795 1314 magnificus
812 1248 933 1300 dominus
951 1248 1072 1300 domiuus
1109 1261 1215 1300 suarum
1231 1261 1401 1312 persousrom
1419 1249 1540 1314 periculis
1551 1248 1669 1316 gnrtbus
1685 1254 1711 1300 et
1725 1263 1788 1302 san·

393 1338 521 1391 amedeus
540 1340 571 1390 dc
590 1339 734 1398 sabaudii,
754 1341 874 1402 princeps
894 1340 1009 1401 Achate,
1024 1351 1070 1401 pro
1109 1339 1196 1400 guinis
1208 1340 1343 1398 effusione,
1355 1341 1443 1402 rigore
1454 1344 1478 1390 ct
1490 1341 1644 1390 auctoritaie
1657 1342 1790 1395 comissio-

390 1429 589 1490 recuperstlcue
606 1429 767 1491 principatus
780 1427 903 1490 predicti,
917 1439 977 1478 auos
990 1431 1073 1478 certos
1110 1431 1153 1480 uls
1167 1431 1216 1482 sibi
1229 1431 1296 1482 lucie
1306 1435 1332 1482 et
1342 1429 1425 1483 verllll
1437 1431 1484 1484 sibl
1497 1431 1582 1482 traditi
1597 1443 1644 1494 per
1655 1432 1787 1494 quondam

392 1517 579 1570 aurbsssstores
589 1517 658 1580 apud
668 1517 798 1580 egregium
810 1521 836 1567 el
846 1519 978 1580 potentem
988 1516 1073 1566 risum
1090 1569 1092 1574 ,
1112 1520 1239 1574 illustrem
1262 1527 1288 1572 et
1305 1522 1423 1575 lucillum
1445 1521 1582 1574 dominum
1606 1521 1731 1578 iacobum
1755 1523 1790 1574 do

394 1609 499 1656 Petrum
514 1606 546 1655 de
557 1608 815 1667 Sancto-supersum
827 1605 972 1667 generalem
985 1610 1071 1655 recto·
1112 1609 1207 1660 baucio
1237 1610 1419 1672 imperatorem
1460 1609 1789 1672 constantinopolitanum,

394 1707 449 1745 rem
463 1700 489 1746 et
502 1696 697 1758 gubernatorem
711 1695 774 1746 dicti
791 1694 960 1758 principutds,
970 1699 995 1745 et
1008 1693 1073 1743 aiios
1112 1711 1202 1748 rerum
1217 1703 1243 1748 at
1257 1703 1354 1750 rectum
1364 1699 1509 1756 dominum,
1522 1711 1552 1747 ex
1568 1699 1628 1749 reri
1640 1703 1665 1749 et
1676 1700 1744 1749 recti
1756 1699 1789 1749 li·

394 1785 706 1840 uobilearlrosarmorom
715 1786 747 1837 da
755 1785 997 1848 societaleeiordem
1005 1783 1074 1836 l‘etri
1113 1787 1161 1838 nsi
1173 1785 1371 1838 descendentem
1381 1822 1388 1846 ,
1400 1786 1462 1837 dieti
1475 1785 1635 1849 priucipatbs
1647 1787 1748 1850 leuare
1764 1791 1792 1838 el

394 1887 507 1928 necnon
527 1876 649 1939 patriotas
669 1877 864 1932 transmisisset,
881 1879 907 1926 et
918 1875 973 1940 ipse
984 1878 1074 1926 Petrus
1112 1877 1216 1930 'iacenti
1228 1876 1370 1940 principem
1378 1897 1388 1939 ;
1397 1875 1466 1928 etsie
1475 1875 1707 1931 tesebmtdletum
1717 1877 1793 1944 prin-

394 1971 422 2016 et
441 1965 540 2016 nobiles
554 1979 686 2016 armorum
706 1967 762 2026 ejus
782 1964 910 2014 societatis
920 1967 946 2013 et
962 1963 1073 2025 patriote
1113 1965 1228 2028 cipetum
1239 1965 1323 2017 donec
1334 1967 1468 2030 apparebit
1479 1980 1552 2018 verus
1563 1973 1589 2018 ei
1598 1972 1682 2018 reclus
1692 1980 1791 2018 succes-

395 2055 468 2106 versi
482 2055 539 2105 vice
552 2068 611 2106 suos
625 2055 810 2105 ambassatores
825 2051 1025 2102 transmisissent
1041 2052 1073 2101 ad
1114 2065 1157 2103 sor
1169 2059 1196 2104 et
1214 2055 1286 2106 iteres
1301 2057 1346 2118 qul
1366 2054 1425 2107 rere
1436 2061 1461 2106 et
1477 2053 1544 2106 recte
1555 2062 1581 2106 et
1592 2056 1623 2106 de
1633 2059 1693 2119 jure
1703 2067 1791 2107 scoce-

395 2143 524 2208 prolatum
547 2145 673 2196 illustrem
697 2147 723 2194 el
750 2141 916 2204 magnificum
939 2141 1074 2192 domiuum
1113 2141 1174 2192 ders
1187 2142 1279 2194 deberi
1290 2144 1318 2196 in
1330 2145 1399 2198 dieto
1411 2145 1568 2208 principatu.

395 2233 553 2296 principem,
571 2233 633 2283 binc
646 2239 684 2284 est
697 2231 776 2296 quod,
789 2237 846 2296 post
859 2232 941 2282 multa
962 2235 987 2281 el
1004 2231 1075 2282 turia
1146 2233 1199 2280 siit
1207 2232 1420 2295 volentibuslpsls
1430 2233 1554 2295 partibus,
1563 2233 1713 2282 nominibus
1721 2235 1793 2284 anie-

396 2321 566 2385 pariamenta,
576 2323 717 2374 concilicet
723 2322 853 2385 colloquia
865 2333 940 2383 super
953 2321 1075 2383 premissa
1114 2319 1197 2378 dictis,
1209 2320 1296 2371 divini
1310 2322 1390 2384 gralli
1404 2321 1557 2380 illustrante,
1570 2322 1690 2386 perieulis
1701 2333 1794 2384 guerre

396 2411 479 2470 ocu.
498 2413 585 2466 habita
605 2418 632 2464 cl
650 2417 773 2470 tractata,
792 2409 852 2464 lin
873 2411 899 2460 iu
928 2409 1076 2473 principato
1114 2413 1141 2460 et
1158 2409 1215 2462 aliis
1226 2410 1415 2474 sandaliaque
1429 2409 1595 2462 exludturlrl
1609 2409 1724 2472 poterint
1741 2410 1793 2461 ob·

397 2501 499 2564 Acisage
519 2513 607 2552 corum
621 2501 721 2564 preleio
735 2503 810 2552 Petro
824 2499 1007 2562 nobilibusque
1021 2499 1076 2560 eius
1114 2501 1201 2558 viare,
1216 2504 1242 2551 et
1260 2505 1289 2554 ot
1301 2514 1352 2564 quc
1373 2501 1505 2556 calamitas
1525 2500 1586 2553 beili
1600 2499 1792 2565 introduxerat,

396 2589 523 2641 societatis
535 2601 565 2639 ac
577 2589 681 2652 prelatis
695 2595 721 2640 et
734 2589 851 2652 patriciis
864 2587 926 2638 dicti
941 2586 1075 2649 principa·
1114 2589 1286 2650 paclslenitas
1298 2589 1403 2654 sapiret,
1418 2588 1504 2652 sicque
1514 2593 1565 2638 tota
1576 2589 1720 2650 putrialam
1730 2587 1794 2642 dieti

396 2679 450 2741 iiis,
463 2677 541 2742 quin
558 2681 585 2729 ia
603 2681 815 2736 redonensium,
834 2679 861 2728 in
878 2678 982 2730 civitate
1004 2681 1075 2728 'iau-
1114 2679 1275 2742 principatus
1292 2679 1377 2743 longis
1388 2679 1549 2742 temporibus
1561 2677 1668 2728 dirersis
1679 2681 1705 2727 et
1717 2677 1796 2731 variis

397 2769 449 2820 riui
463 2773 489 2819 et
501 2771 557 2820 loeo
569 2769 709 2834 Pignerolil
731 2782 818 2820 coraus
832 2769 933 2832 prelato
946 2767 1037 2818 illustri
1051 2771 1077 2818 et
1114 2770 1213 2832 guerris
1223 2769 1328 2828 aiilicta,
1341 2781 1412 2823 none
1427 2770 1454 2820 iu
1467 2769 1535 2821 bono
1547 2767 1749 2832 psosqstesesl.
1758 2773 1795 2826 ei.

396 2861 535 2924 maguldeo
549 2861 656 2937 domiuo
669 2866 756 2912 nostro
771 2861 908 2923 principe:
924 2857 1077 2909 lenerrbills
1117 2857 1244 2910 altissimo
1256 2859 1421 2916 concedente,
1434 2858 1608 2922 multiplicare
1636 2861 1662 2908 el
1683 2868 1796 2920 creseere

397 2955 424 3000 et
436 2951 539 3013 sapiens
556 2953 596 3003 rir
615 2953 737 3002 domiuus
754 2951 900 3000 Antboniua
914 2949 946 2999 da
960 2950 1026 2999 i‘aba
1044 2948 1076 2999 de
1115 2949 1203 3010 possit,
1218 2948 1272 3011 lpse
1284 2953 1378 3012 partes,
1391 2947 1541 2998 nominibus
1552 2947 1649 3010 qulbus
1661 2945 1748 3010 sopri.
1761 2945 1795 2997 ad

398 3040 536 3100 valescit,
551 3041 617 3104 loris
637 3042 770 3103 utriusque
784 3041 897 3102 penius.
916 3039 1078 3089 consiliarius
1116 3039 1281 3102 luirascripis
1294 3043 1369 3102 pacta
1379 3039 1551 3090 devenerunt.

398 3129 492 3196 prelati
507 3131 607 3184 domici
626 3130 764 3194 principis,
780 3141 828 3180 uec
841 3141 894 3182 uon
909 3127 1005 3180 nobilis
1017 3141 1077 3178 scu·
1148 3145 1159 3174 ι
1176 3128 1262 3180 Primo
1276 3141 1403 3194 namque,
1422 3126 1491 3192 qtsdd
1511 3127 1603 3195 prelati
1617 3131 1797 3192 procuratores

399 3219 461 3271 liier
481 3221 599 3270 Berlinlle
619 3222 744 3275 Pleione.
757 3219 939 3270 con-dominiis
958 3216 1076 3274 Villirii,
1116 3219 1225 3282 predicti
1253 3219 1358 3271 illustris
1370 3224 1396 3270 ei
1407 3219 1537 3282 msgulilel
1555 3217 1656 3268 domiui
1673 3217 1798 3280 principis

399 3312 490 3362 nuncil
505 3311 627 3375 speciales
638 3315 664 3362 et
675 3313 851 3374 procuratores
868 3307 959 3371 prelati
973 3307 1078 3357 illustris
1117 3315 1256 3360 teneantur
1269 3315 1295 3358 et
1306 3309 1431 3366 debeant,
1445 3307 1596 3359 nominibus
1606 3305 1701 3368 quibus
1710 3303 1797 3367 sopri,

400 3400 502 3452 domiui
514 3399 647 3464 principis,
661 3399 778 3450 rolenies
788 3398 886 3450 dietum
898 3397 1031 3459 negotium
1045 3395 1078 3448 ad
1118 3400 1145 3448 ln
1154 3386 1260 3454 leudem
1272 3404 1426 3462 perpetuum
1439 3399 1534 3450 darest
1543 3398 1685 3459 saalgnare,
1697 3407 1793 3447 seeum

399 3488 478 3539 duem
491 3489 649 3540 laudabilem
672 3498 801 3551 proposse
813 3485 949 3544 deducere,
971 3483 1077 3547 petitio·
1117 3489 1180 3542 dum
1200 3489 1415 3542 consuetudinem
1436 3489 1519 3552 patris
1537 3485 1600 3542 dtctl
1620 3485 1796 3548 priucipatds,

400 3593 462 3630 nem
474 3579 634 3643 infrascripto
643 3579 808 3630 continencie
819 3581 845 3628 ct
855 3577 952 3627 tenoris
962 3575 1080 3626 leserunt
1118 3579 1234 3642 predicto
1246 3582 1319 3629 Petro
1330 3579 1363 3629 de
1374 3580 1620 3638 sancto-superruo
1633 3580 1659 3626 ct
1671 3575 1796 3634 societati,

400 3669 533 3719 nobilibus
543 3667 604 3720 rirla
623 3668 805 3719 Bartbolomeo
826 3665 946 3716 bombini
963 3665 1079 3716 eiloila-
1118 3682 1165 3734 pro
1177 3681 1204 3719 se
1223 3673 1249 3719 et
1266 3667 1318 3720 sois
1337 3667 1477 3722 heredibus
1491 3667 1613 3732 legitimis
1626 3665 1745 3716 masculis
1761 3665 1799 3714 eis

402 3761 466 3810 nelli
482 3761 602 3824 Rostagui
616 3760 649 3812 de
663 3760 763 3826 Nepoti,
776 3759 880 3812 nunciis
890 3761 916 3810 et
927 3761 1080 3822 procursio·
1119 3759 1188 3810 uatis
1205 3763 1232 3810 et
1249 3760 1402 3822 semicuris,
1413 3759 1502 3818 omnia
1512 3764 1539 3808 at
1549 3757 1649 3820 ringula
1662 3755 1732 3807 bona
1746 3766 1798 3816 que

402 3849 474 3899 ribus
485 3849 645 3911 prelatorum
654 3852 722 3900 Petri
731 3849 763 3900 dc
771 3849 1022 3912 Ssnclosuperauo,
1032 3857 1080 3896 nec
1119 3849 1363 3911 quomodocumque
1374 3848 1534 3898 obvenerunt
1543 3848 1568 3895 et
1578 3851 1638 3896 suut
1658 3844 1690 3894 ad
1706 3855 1800 3894 manns

402 3951 455 3988 non
468 3939 523 4000 elus
539 3939 668 3989 societatis
687 3943 714 3990 et
732 3939 902 4001 patriotarum
921 3934 1081 4000 principatus
1119 3943 1146 3989 et
1155 3950 1227 4002 posse
1238 3937 1300 3987 dicti
1311 3937 1412 3988 domiui
1423 3937 1513 3987 vicarii
1525 3939 1550 3986 ei
1561 3933 1690 3990 comitile,
1706 3944 1800 3994 excep-

403 4028 514 4089 Achile.
526 4029 661 4080 videlicetr
1121 4030 1153 4080 tis
1166 4028 1341 4080 domluallbus
1360 4027 1440 4091 ipsius
1455 4027 1616 4090 principatur
1631 4023 1802 4076 existentibus

435 4133 447 4160 ι
468 4117 534 4180 Quia
556 4117 681 4180 petebant
694 4120 720 4168 et
736 4116 912 4182 requirebam.
927 4116 1081 4168 nominibus
1120 4120 1153 4172 ad
1167 4132 1259 4174 manua
1269 4120 1340 4176 eutis
1354 4123 1380 4168 et
1393 4119 1520 4178 comitile,
1532 4117 1581 4171 rob
1592 4117 1726 4180 lomrglts,
1738 4114 1802 4166 ilde·

401 4206 498 4269 quibus
510 4205 596 4269 sopri,
609 4201 623 4255 i
636 4205 757 4268 predictis
768 4203 948 4256 bartholomeo
962 4209 988 4255 ei
999 4205 1081 4256 iuba·
1122 4207 1237 4260 litatlbus
1246 4197 1261 4264 ,'
1274 4208 1402 4264 servitiis,
1424 4206 1540 4268 tribulis,
1562 4206 1657 4268 usagiis
1670 4205 1764 4256 debilis
1775 4209 1804 4254 et

404 4297 483 4354 aelio,
491 4295 710 4361 procuratoribus,
722 4301 771 4356 cic,
781 4295 882 4359 prelato
890 4293 997 4345 domino
1008 4295 1083 4359 prin·
1121 4296 1265 4352 cousuelis.
1286 4299 1311 4345 ei
1329 4299 1408 4358 prout
1427 4293 1524 4344 luerint
1545 4294 1612 4344 bona
1637 4293 1692 4356 ipsa
1715 4293 1803 4344 valere

402 4386 469 4450 cipi,
483 4389 543 4444 otc..
553 4385 619 4438 tradi
634 4390 661 4438 et
674 4385 774 4440 restitui
789 4385 964 4450 principatum
981 4382 1082 4448 llcbape
1121 4390 1268 4450 comperta,
1286 4385 1352 4440 sicut
1369 4385 1502 4442 meruerit
1519 4383 1575 4437 ilerl
1586 4387 1613 4436 el
1626 4383 1758 4438 obseruari
1772 4383 1802 4434 in

402 4481 429 4528 et
449 4480 551 4532 floreo,
574 4489 634 4530 cum
655 4475 777 4526 omnibus
797 4479 823 4530 ei
841 4475 947 4539 singulis
964 4475 1081 4538 juribus,
1121 4478 1268 4542 principatu
1280 4476 1409 4542 predictos
1426 4481 1451 4527 et
1468 4475 1546 4539 quod,
1565 4473 1731 4538 statimqudd
1743 4474 1802 4526 dio·

404 4565 501 4624 leudis,
514 4571 563 4616 etc.
1123 4573 1163 4619 tus
1180 4569 1301 4619 dominos
1311 4569 1428 4631 princeps
1437 4569 1536 4618 venerit
1550 4570 1576 4618 ln
1591 4567 1746 4633 principatu,
1761 4565 1803 4617 rei

436 4671 447 4697 ι
459 4655 560 4718 Quibus
574 4654 746 4718 peticionibus
760 4659 787 4708 et
802 4653 1017 4717 requisitionibus
1035 4663 1082 4701 lii·
1121 4657 1244 4719 allerpro
1255 4669 1296 4714 eo,
1309 4659 1336 4707 et
1350 4656 1478 4718 receperit
1490 4653 1505 4705 i
1519 4655 1590 4706 dicio
1601 4659 1677 4706 Petro
1687 4657 1713 4705 ei
1722 4655 1805 4706 socie·

404 4740 464 4792 ditis
486 4747 512 4793 ei
541 4743 694 4800 intellectis,
719 4741 813 4805 prelati
837 4741 1035 4792 bartholomeus
1058 4742 1085 4788 ei
1124 4750 1175 4796 tate
1193 4745 1378 4807 possessionem
1399 4744 1528 4794 honorum
1551 4743 1724 4794 domlurilum
1742 4755 1804 4805 pre·

403 4831 564 4890 lobanellus,
575 4831 1004 4883 nominibusantedictisdicebanlr
1014 4827 1083 4892 quod
1123 4834 1251 4884 dictorum
1263 4836 1290 4884 ei
1303 4836 1465 4885 sacramenta
1475 4831 1607 4883 fidelitatis
1629 4836 1654 4881 et
1674 4831 1803 4892 homagii,

405 4917 792 4984 mundemus-superruo
801 4921 968 4984 eiusdemque
979 4923 1085 4972 societas
1123 4924 1180 4975 dari
1200 4927 1227 4974 ei
1245 4922 1370 4985 assignari
1388 4920 1466 4972 iactet
1483 4919 1552 4974 dicta
1571 4919 1656 4977 bona,
1672 4921 1699 4969 ei
1714 4931 1762 4981 per
1778 4931 1807 4969 se

404 5008 503 5060 dietum
515 5010 690 5074 principatum
702 5010 804 5073 aellaqe
813 5023 873 5061 cour
882 5011 983 5072 loribus
993 5016 1019 5064 el
1028 5023 1086 5075 per·
1124 5017 1150 5063 el
1166 5011 1273 5062 bercdes
1283 5016 1309 5061 et
1319 5019 1478 5061 comessores
1496 5019 1556 5057 suos
1567 5005 1623 5058 lieri
1642 5004 1721 5058 iaeiet
1732 5005 1805 5056 dicto

405 5100 526 5151 tineoclis
538 5097 673 5162 suisiuste,
684 5098 752 5150 recte
764 5104 790 5149 et
800 5100 991 5151 racionabiliter
999 5105 1085 5150 tenue·
1124 5104 1199 5154 retro
1218 5105 1244 5150 et
1265 5099 1386 5152 eomitire
1403 5097 1536 5162 priuilegia
1556 5095 1684 5146 bonorum
1702 5093 1806 5158 predic·

406 5193 468 5242 raut
484 5193 510 5240 et
531 5194 634 5248 leuem,
654 5201 705 5241 uon
729 5189 786 5240 siue
807 5188 918 5251 maguis,
931 5189 1084 5249 sudoribus,
1126 5196 1210 5242 terum
1228 5191 1255 5240 lu
1276 5189 1358 5240 lorini
1372 5187 1460 5239 debili
1473 5183 1712 5244 elcoomstd,nlsi
1732 5183 1803 5250 quod
