3862 6048
393 609 453 672 ao
617 585 982 672 ictataotssmmrts
1001 602 1080 670 son
1099 603 1147 666 m
1169 586 1312 668 nouae
1333 601 1564 694 rqunsa.

393 736 683 812 eidemhlathildi
694 737 812 828 dedit,
830 737 1005 825 contulit,
1020 737 1196 808 concessit
1211 749 1247 806 et
1261 735 1429 833 quittavit
1441 759 1484 807 ac
1494 735 1654 809 etiamin
1672 735 1790 833 ipsam

395 863 550 936 totaliter
570 861 749 934 transtulit
762 863 938 960 perpetui)
957 877 993 933 et
1009 857 1240 953 hereditarie,
1254 885 1322 960 pro
1336 884 1373 932 se
1387 861 1533 957 suisque
1545 857 1740 932 heredibus
1750 873 1792 930 et

394 988 638 1061 sucessoribus
647 1011 791 1060 causam
802 1012 872 1084 que
882 986 1100 1058 habentibus
1110 1002 1145 1058 et
1154 985 1343 1075 habituris,
1354 984 1401 1057 ab
1411 985 1487 1084 ipsi
1496 985 1695 1060 donatione
1704 987 1793 1057 irre·

394 1114 550 1186 vocabili
567 1115 660 1186 sacta
675 1115 770 1186 inter
785 1115 901 1204 vivos,
915 1113 1051 1186 dictum
1067 1113 1313 1210 principatum
1330 1110 1468 1209 Achaye
1485 1135 1571 1184 oum
1586 1112 1660 1186 suis
1678 1111 1791 1210 perti-

396 1239 528 1310 nentiis
553 1238 724 1310 omnibus
750 1263 792 1309 ac
824 1251 942 1308 totum
973 1252 1008 1308 et
1035 1235 1210 1333 quicquid
1236 1236 1328 1333 juris
1355 1237 1506 1308 actionis
1537 1237 1789 1334 proprietatis,

355 1405 358 1412 ·
395 1365 625 1460 possessionis
643 1377 679 1433 et
692 1361 846 1434 dominii
855 1359 1014 1432 habebat
1028 1376 1062 1433 et
1072 1355 1206 1432 habere
1218 1375 1360 1458 poterat
1373 1373 1409 1432 et
1421 1358 1596 1452 debebat,
1609 1384 1791 1458 quocum·

395 1512 467 1584 que
488 1486 614 1577 modo,
627 1487 797 1574 nomine,
818 1483 1025 1556 rationevel
1039 1481 1143 1556 titulo
1156 1485 1193 1555 in
1205 1483 1359 1574 eisdem,
1376 1481 1559 1574 fidelitate,
1573 1482 1744 1578 homagio
1754 1497 1793 1554 et

395 1612 546 1682 servicio
575 1610 699 1682 debito
723 1609 794 1680 sibi
823 1610 861 1680 in
890 1608 1061 1706 predictis
1087 1607 1341 1680 tantummodo
1368 1608 1570 1698 reservatis,
1605 1608 1792 1704 ipsamque

395 1731 597 1804 Mathildim
611 1733 657 1803 de
674 1732 808 1804 eisdem
822 1731 1082 1830 presentialiter
1097 1732 1278 1804 investivit
1294 1746 1329 1803 et
1345 1745 1495 1830 propter
1510 1729 1581 1803 hoc
1597 1729 1644 1800 ad
1661 1729 1794 1802 homa-

395 1859 494 1952 gium
510 1881 617 1928 suum
636 1857 784 1954 recepit,
804 1871 840 1928 et
856 1857 1024 1954 promisit
1034 1855 1133 1927 bona
1147 1854 1219 1928 fide
1235 1854 1371 1927 dictum
1386 1855 1631 1953 principatum
1649 1853 1793 1950 Achaye

396 2009 480 2054 cum
507 1984 579 2054 suis
600 1983 826 2082 pertinentiis
845 1982 1017 2054 omnibus
1045 1982 1162 2054 eidem
1191 1981 1355 2054 Mathildi
1372 1983 1521 2078 ejusque
1540 1980 1736 2054 heredibus
1755 1995 1795 2053 et

395 2107 660 2178 sucoesson'bus
678 2122 717 2178 et
731 2129 874 2178 causam
887 2105 934 2178 ab
948 2109 989 2177 ea
1002 2105 1223 2179 habentibus
1240 2121 1275 2178 et
1292 2104 1470 2178 habituris
1482 2105 1658 2204 perpetuo
1669 2129 1796 2202 garen-

396 2232 520 2322 tirare,
535 2231 603 2304 sub
618 2231 728 2302 modo
744 2245 782 2302 et
796 2230 911 2302 forma
930 2229 1120 2328 predictis,
1137 2231 1209 2302 suis
1227 2230 1383 2329 propriis
1399 2229 1603 2329 sumptibus
1615 2243 1651 2302 et
1661 2255 1796 2328 expeu-

397 2356 458 2445 sis,
488 2380 571 2450 erga
594 2380 721 2427 omnes
747 2369 783 2426 et
801 2370 925 2428 contra
955 2378 1081 2425 omnes
1101 2354 1364 2452 cujuscumque
1383 2357 1495 2426 statos
1516 2369 1553 2426 et
1575 2353 1796 2426 conditionis

396 2479 563 2566 existant,
587 2477 723 2575 absque
745 2475 955 2576 exceptione
975 2481 1206 2574 quacumque
1231 2493 1270 2549 et
1292 2477 1493 2576 specialiter
1518 2501 1601 2573 erga
1626 2475 1797 2550 inclitum

396 2602 601 2699 principem
620 2601 838 2691 Robertum,
861 2605 926 2674 Dei
949 2603 1060 2697 gratii
1080 2625 1197 2697 regern
1220 2602 1417 2674 Jerusalem
1437 2617 1475 2676 et
1492 2599 1624 2692 Sicilie,
1646 2602 1798 2698 ejusque

396 2749 637 2813 successores,
659 2727 688 2797 si
704 2727 742 2796 in
760 2725 931 2824 predictis
945 2726 1014 2822 ipsi
1026 2725 1082 2796 vel
1099 2747 1228 2797 eorum
1246 2725 1335 2797 alter
1350 2725 1483 2798 vellent
1497 2725 1556 2822 jus
1570 2724 1716 2823 aliquod
1736 2749 1797 2798 re·

397 2851 553 2926 clamare
567 2851 713 2922 racione
730 2850 888 2946 homagii
902 2850 958 2922 vel
974 2853 1120 2923 racione
1134 2851 1202 2925 alta
1220 2856 1464 2950 quacumque.

446 3005 463 3040 a
481 2977 585 3046 Dicta
594 2974 681 3046 vero
690 2973 894 3066 Mathildis,
914 2977 1067 3073 receptis
1083 2990 1119 3048 et
1133 2977 1325 3074 acceptatis
1338 2975 1386 3050 ab
1404 2981 1447 3048 ea
1463 2975 1675 3065 donatione,
1689 2974 1801 3050 colla·

399 3101 521 3188 tione,
549 3101 798 3188 concessione,
822 3100 1053 3196 quitacione,
1075 3100 1373 3173 translacione··et
1385 3101 1596 3172 investitura
1609 3099 1801 3198 predictis,

399 3223 568 3320 factoque
581 3223 627 3294 ab
645 3225 684 3295 ea
699 3223 975 3322 dictoprincipi
994 3223 1164 3320 homagio
1184 3248 1252 3322 pro
1272 3221 1427 3312 eisdem,
1443 3241 1560 3322 eaque
1574 3243 1640 3322 per
1657 3223 1800 3296 dictum

398 3349 601 3446 principem
622 3347 667 3419 ad
688 3347 830 3419 dictum
849 3347 1062 3443 homagium
1088 3353 1233 3448 recepta
1253 3361 1288 3420 et
1310 3349 1481 3440 admissa,
1504 3347 1699 3446 antequam
1722 3347 1802 3445 ipsa

397 3472 576 3572 sponsalia
602 3472 724 3570 aliqua
741 3471 798 3543 ve'l
816 3474 1090 3545 matrimonium
1117 3473 1265 3572 aliquod
1281 3497 1368 3548 cum
1387 3474 1486 3547 dicto
1509 3473 1695 3546 Lndovico
1709 3497 1803 3547 con·

398 3598 575 3689 traxisset,
596 3597 643 3670 ad
658 3595 731 3670 hoc
744 3597 893 3696 propria
910 3600 974 3670 sua
991 3597 1177 3670 voluntate
1201 3613 1318 3686 mota,
1336 3622 1411 3671 non
1426 3597 1530 3690 dolo,
1543 3600 1580 3670 vi
1595 3599 1652 3672 vel
1672 3597 1803 3672 fraude

399 3721 549 3793 inducta
562 3736 625 3792 aut
638 3723 674 3791 in
689 3721 811 3818 aliquo
821 3719 1085 3812 circumventa,
1099 3721 1145 3794 de
1159 3723 1241 3819 jure
1255 3737 1291 3794 et
1304 3722 1352 3794 de
1364 3721 1459 3794 facto
1473 3722 1652 3820 quantiam
1665 3721 1712 3794 ad
1727 3719 1802 3796 hoc

400 3849 607 3935 certiorate,
634 3861 751 3917 totum
779 3845 920 3918 dictum
940 3848 1187 3944 principatum
1210 3847 1350 3946 Achaye
1370 3873 1456 3924 cum
1483 3851 1557 3921 suis
1574 3848 1805 3946 pertinentiis

401 3969 586 4058 omnibus,
599 3969 798 4042 donatione
808 3967 1037 4043 irrevocabili
1051 3972 1141 4044 sacta
1151 3973 1246 4044 inter'
1259 3975 1371 4066 vivos,
1381 3973 1494 4064 dedit,
1505 3973 1704 4046 contulitet
1715 3998 1807 4046 con·

401 4096 504 4166 cessit
518 4094 615 4167 dicto
629 4095 816 4170 Ludovico
829 4099 988 4195 presenti
1002 4113 1037 4170 et
1056 4099 1258 4198 recipienti,
1274 4100 1360 4170 etin
1377 4099 1496 4198 ipsum
1510 4099 1668 4172 totaliter
1684 4113 1804 4171 trans-

402 4219 482 4291 tulit
499 4221 622 4291 omnia
632 4221 732 4316 jura,
751 4223 901 4294 nomina
917 4237 952 4294 et
965 4224 1125 4294 actiones
1142 4223 1213 4296 sibi
1226 4225 1471 4323 competentia
1486 4239 1521 4295 et
1540 4237 1803 4322 competentes,

401 4344 643 4441 competitura
666 4358 703 4415 et
735 4347 1009 4444 competituras,
1033 4368 1266 4444 quocumque
1289 4345 1421 4438 modo,
1447 4349 1615 4438 nomine,
1642 4349 1807 4438 racione,

400 4467 457 4540 vel
473 4468 579 4540 titulo
599 4469 636 4540 in
654 4469 794 4562 eodem,
814 4471 1007 4570 ipsumque
1022 4472 1247 4545 Ludovicum
1264 4497 1332 4572 pro
1344 4497 1381 4544 se
1394 4475 1541 4571 suisque
1558 4473 1756 4546 heredibus
1770 4487 1807 4546 et

401 4593 666 4667 successoribus
678 4597 861 4668 investivit
872 4580 1133 4695 presentialiter
1148 4599 1195 4670 de
1208 4599 1352 4690 eodem,
1367 4599 1554 4672 usufructu
1573 4599 1749 4672 duntaxat
1765 4599 1804 4670 in

401 4715 501 4786 dicto
511 4720 719 4817 principatu
730 4733 765 4791 et
778 4721 855 4816 ejus
866 4723 1094 4818 pertinentiis
1101 4721 1219 4793 eidem
1229 4721 1579 4820 Mathildi‘quamdiir
1590 4723 1667 4820 ipsa
1678 4723 1808 4794 vixerit

403 4857 582 4913 reservato
605 4859 641 4916 et
663 4861 817 4917 retento.
846 4845 982 4918 Verium
1014 4847 1043 4918 si
1067 4844 1164 4918 torte
1183 4849 1381 4944 contigeret
1406 4847 1544 4922 dictum
1577 4847 1807 4920 Ludovicum

404 4965 629 5039 sine-herede
646 4972 785 5068 proprii
799 4972 856 5043 sui
875 4971 1038 5068 corporis
1052 4972 1190 5072 abipsa
1199 4973 1373 5046 Mathilde
1383 4989 1574 5072 procreato
1587 4971 1763 5048 decedere
1772 4987 1809 5044 et

404 5091 479 5187 ipsa
495 5089 673 5164 Mathildis
688 5093 829 5168 dictum
840 5095 1065 5168 Ludovicum
1078 5100 1336 5196 superviveret,
1353 5100 1427 5198 ipsa
1442 5098 1584 5173 dictum
1603 5093 1809 5170 usumfruc-
