3912 6044
665 589 989 657 tumouuuttutt.
1489 592 1525 652 st

123 727 254 828 iusque
279 727 465 816 bbomm,
490 723 681 814 violenter,
702 725 739 795 in
764 723 848 794 lidei
877 721 1081 794 orthodoxe
1104 721 1274 818 injuriam
1297 738 1529 820 occupasset,

122 879 184 926 ros
203 879 251 926 ac
262 850 499 950 quamplures
513 849 710 924 catholicos
723 845 871 937 mundi,
886 847 1068 946 principes
1084 860 1120 916 et
1140 860 1339 941 magnates,
1359 845 1406 918 ad
1420 871 1531 943 quos·

123 978 204 1049 dam
238 975 410 1048 videlicet
436 999 501 1074 per
529 973 708 1045 solemnes
737 972 904 1062 nuntios,
935 985 973 1042 et
1005 969 1052 1041 ad
1086 969 1263 1066 quosdam
1293 971 1532 1068 personaliter

124 1117 310 1200 assumpto
336 1099 481 1188 labore,
503 1113 655 1196 propter
677 1096 748 1168 hoc
772 1120 959 1168 recursum
982 1093 1178 1185 habentes,
1202 1120 1270 1168 nec
1292 1110 1476 1194 speratum
1490 1097 1529 1170 in

125 1225 171 1295 eis
189 1225 420 1296 invenientes
434 1221 625 1312 auxilium,
644 1221 789 1292 tandem
805 1219 1033 1292 considerato
1048 1220 1144 1290 inter
1158 1233 1274 1292 cetera
1288 1219 1405 1316 quod,
1420 1245 1531 1319 prop·

127 1367 176 1422 ter
189 1351 298 1445 regni
315 1349 431 1419 nostri
445 1347 647 1446 potentiam
659 1361 697 1417 et
709 1345 949 1436 vicinitatem,
968 1344 1075 1416 nobis
1089 1369 1165 1416 non
1182 1344 1302 1416 schim
1318 1345 1365 1418 ad
1384 1371 1532 1419 succur-

127 1476 280 1547 rendum
291 1474 411 1546 eidem
424 1474 590 1572 imperi0,
600 1472 663 1544 sed
677 1487 712 1544 et
721 1472 768 1544 ad
778 1470 1046 1544 occurrendum
1057 1496 1122 1570 per
1132 1473 1443 1570 recuperationem
1454 1472 1532 1568 ejus

10 1589 11 1594 ἵ
129 1599 333 1670 orthodoxe
353 1597 457 1686 fidei,
479 1621 523 1668 ac
539 1612 635 1668 terre
654 1611 798 1685 sancte,
821 1595 991 1694 periculis
1006 1597 1212 1693 promptior
1227 1611 1264 1666 et
1281 1595 1464 1668 ellioacior
1478 1613 1533 1670 est

10 1787 11 1790 ,
131 1726 291 1814 licuitne,
306 1725 354 1796 ad
369 1749 437 1795 nos
451 1722 689 1821 personaliter
707 1723 919 1812 accessistis,
941 1735 977 1792 et
997 1720 1225 1793 intendentes
1245 1721 1318 1792 tim
1333 1723 1533 1821 reipublice

10 1839 12 1856 ἰ
131 1849 411 1938 christianitatis,
429 1846 637 1944 eisdemque
651 1845 737 1917 fidei
751 1869 795 1918 ac
809 1860 903 1917 terre
916 1860 1040 1916 sancte
1059 1845 1264 1936 consulere,
1278 1845 1390 1943 quim
1406 1850 1533 1919 vestris

10 1971 11 2040 l
135 1975 347 2047 utilitatibus
359 1972 563 2074 providere,
576 1997 619 2044 ac
632 1969 859 2043 attendentes
872 1969 949 2042 lore
963 1969 1067 2042 vobis
1079 1985 1115 2042 et
1128 1971 1395 2043 successoribus
1407 1973 1534 2044 vestris

132 2097 229 2196 longe
249 2099 393 2188 utilius,
419 2122 486 2196 per
511 2113 679 2169 nostrum
707 2096 848 2193 (divina
876 2097 1039 2194 potentia
1058 2096 1292 2194 suffragante)
1311 2097 1531 2182 subsidium,

135 2225 323 2322 imperium
338 2225 458 2320 ipsum
470 2244 683 2318 recuperare
697 2218 940 2318 deperditum,
955 2217 1066 2317 quim
1078 2219 1126 2292 de
1135 2221 1248 2318 ipsius
1259 2223 1533 2320 recuperatione

135 2348 287 2420 totaliter
303 2345 515 2446 desperare,
533 2359 576 2416 ut
596 2360 777 2434 nostrum,
796 2344 843 2416 ad
863 2343 901 2416 id
920 2343 966 2416 ad
986 2343 1087 2442 quod
1109 2370 1184 2416 non
1200 2345 1364 2418 sufficitis
1386 2371 1449 2444 per
1468 2371 1533 2420 vos

135 2474 237 2569 ipsos,
256 2497 327 2542 nec
344 2469 491 2542 alterius
503 2469 677 2566 juvamen
696 2468 881 2541 sufficiens
901 2469 1083 2559 invenitis,
1103 2468 1329 2566 adjutorium
1349 2470 1533 2544 habeatis:

133 2611 207 2692 post
223 2593 361 2666 multos
375 2608 548 2666 tractatus
560 2591 648 2668 hinc
662 2590 749 2664 inde
762 2591 926 2683 habitos,
943 2591 1135 2666 nobiscum
1149 2593 1343 2668 devenistis
1358 2594 1406 2668 ad
1422 2595 1534 2668 insra·

133 2723 258 2820 scripta
274 2720 539 2792 conventiones
552 2733 589 2790 et
605 2733 731 2816 pacta,
752 2743 931 2790 consensu
948 2718 1089 2791 lirmuta
1106 2735 1254 2814 mutuo,
1268 2735 1305 2794 ct
1316 2720 1471 2794 solemni
1491 2747 1535 2795 ac

134 2845 285 2942 legitima
305 2844 539 2944 stipulatione
559 2843 701 2916 vallata.
725 2848 798 2916 Nos
819 2844 1019 2942 siquidem,
1039 2843 1113 2918 tim
1130 2845 1178 2918 ad
1195 2847 1332 2942 grande
1352 2848 1535 2946 predicta·

135 2996 209 3042 rum
234 2969 322 3042 fidei
348 2983 386 3040 et
414 2984 517 3040 terrae
547 2983 679 3041 sanctae
709 2966 902 3040 discrimen
930 2967 1042 3066 quim
1073 2969 1121 3042 ad
1154 2970 1395 3044 miserabilem
1421 2973 1536 3072 ipsius

134 3094 390 3168 desolationem
427 3093 592 3193 imperii,
622 3117 840 3192 gravemque
873 3096 983 3166 vestri
1013 3098 1125 3166 status
1160 3095 1405 3192 abjectionem
1436 3099 1535 3195 piam

136 3221 406 3320 compacionem
426 3215 619 3306 babendo,
643 3216 909 3290 considerando
930 3219 1038 3290 etiam
1063 3217 1164 3314 qubd
1188 3218 1396 3317 predictum
1424 3221 1537 3322 impe·

137 3346 244 3434 num,
268 3343 374 3442 qubd
398 3356 653 3415 sacro-sancte
674 3345 835 3414 Romane
855 3341 1012 3414 Ecclesie
1037 3345 1387 3416 communismatris
1412 3345 1536 3418 nobile

138 3471 337 3544 membrum
356 3469 502 3558 exstitit,
526 3467 573 3540 ab
590 3470 668 3565 ejus
688 3482 742 3540 est
757 3491 911 3564 corpore
930 3492 996 3564 per
1012 3469 1233 3540 scismaticos
1251 3483 1475 3566 separatum,
1493 3495 1536 3543 ae

139 3596 313 3694 cupiendo
338 3610 380 3666 ut
404 3595 612 3666 membrum
639 3593 762 3700 ipsum
785 3617 852 3690 per
877 3606 1062 3679 nostrum,
1090 3595 1168 3662 Deo
1196 3591 1354 3684 favente,
1375 3593 1536 3682 ministe-

137 3721 247 3810 rium,
274 3744 343 3791 suo
369 3720 578 3791 restituatur
592 3717 739 3816 corpori
756 3731 792 3788 et
814 3713 1062 3788 consolidetur
1084 3741 1127 3788 ac
1146 3717 1385 3814 reintegretur
1405 3718 1533 3812 eidem,

137 3845 181 3915 ob
213 3844 449 3916 reverentiam
484 3843 597 3942 ipsius
630 3841 807 3932 Ecclesie,
841 3856 877 3912 et
909 3842 1018 3938 etiam
1051 3841 1171 3914 anime
1203 3857 1326 3915 nostre
1354 3842 1508 3934 salutem
1524 3893 1543 3936 ,ι

137 3969 204 4040 tim
230 3973 335 4068 pium
359 3967 505 4066 tamque
527 3969 616 4040 utile
639 3969 826 4064 negotium
844 3982 1091 4056 assumentes,
1120 3967 1226 4040 vobis
1250 3983 1371 4040 restro
1397 3985 1544 4042 vestro·

139 4119 292 4192 rumque
328 4093 506 4166 heredum
535 4093 711 4182 nomine,
746 4087 902 4188 legitime
934 4117 979 4164 ac
1012 4091 1221 4165 solemniter
1250 4094 1507 4192 stipulantibus
1524 4147 1544 4184 ,-

136 4244 200 4316 pro
222 4217 348 4308 uobis,
373 4218 578 4314 nostrisque
604 4216 642 4288 in
672 4239 784 4313 regno
810 4215 928 4314 Sicilie
953 4214 1171 4306 heredibus,
1197 4219 1463 4315 promittimus,
1489 4221 1536 4293 ad

136 4341 425 4442 recuperandum
456 4356 493 4413 et
522 4340 787 4438 acquirendum
817 4341 999 4440 prelatum
1029 4342 1248 4440 imperium,
1284 4341 1371 4414 dare
1404 4345 1538 4416 nostris

136 4466 339 4566 sumptibus
363 4490 427 4538 seu
455 4465 664 4564 stipendiis,
696 4463 789 4538 infre
816 4489 875 4537 sex
899 4489 1102 4557 annorum,
1130 4465 1464 4564 computandorum
1494 4493 1537 4540 ex

135 4617 232 4664 nunc
258 4592 432 4690 (spatium
456 4591 555 4688 quod
584 4590 692 4663 nobis
713 4590 820 4662 liceat
845 4615 960 4686 usque
974 4589 1029 4662 aad
1051 4615 1170 4664 unum
1192 4592 1303 4662 alium
1326 4615 1486 4682 annum,
1507 4595 1537 4666 si

136 4718 241 4791 nobis
255 4717 458 4814 ridebitur,
474 4716 704 4814 prorogare),
725 4715 802 4788 duo
820 4714 933 4787 millia
947 4717 1114 4813 equitum
1131 4733 1370 4810 armatorum,
1387 4719 1425 4789 in
1442 4745 1536 4816 quo·

138 4867 214 4913 rum
240 4843 373 4939 utique
399 4865 555 4912 numero
578 4841 805 4938 principatus
828 4838 960 4912 Achaie
988 4864 1031 4911 ac
1060 4844 1181 4912 Mores
1208 4842 1339 4915 milites
1369 4859 1405 4914 et
1427 4847 1538 4942 equi-

137 4983 186 5040 tes
203 4981 487 5068 computentur,
515 4967 585 5038 nisi
615 4991 703 5056 nos,
730 4965 786 5036 vel
815 4981 938 5038 noster
966 4966 1005 5036 in
1033 4991 1145 5062 tegno
1171 4967 1291 5039 Sicilie
1318 4967 1422 5042 heres
1450 4995 1538 5068 pro·

136 5095 359 5166 secutionem
385 5088 595 5186 hujusmodi
622 5089 758 5194 negotii
782 5088 992 5164 duxerimus
1017 5089 1054 5162 in
1076 5091 1239 5186 personis
1262 5093 1419 5191 propriis
1439 5119 1538 5167 assu·
