3928 6044
587 628 1178 714 mronmrsnnmicnmonr.
1525 656 1586 722 an

129 849 133 858 .
155 867 159 874 ¹
229 779 434 874 alternum
461 780 695 880 Nigropontis
699 835 784 853 ......
810 795 847 855 et
870 781 940 855 alia
962 806 1036 881 que
1055 781 1203 872 tenetis,
1229 775 1358 854 terit-it
1389 806 1457 856 aux
1481 789 1586 860 Tem-
1692 855 1695 862 .

179 902 288 1002 pliers
300 902 327 996 ¹,
341 904 380 976 in
401 901 519 976 insuld
533 905 824 1004 Nigropontis,d
846 904 955 978 nobili
969 908 1046 978 vr'ro
1067 911 1223 995 Bovario,
1244 921 1280 978 et
1297 904 1396 980 bone
1411 913 1586 984 memorie

178 1025 309 1100 lumbo
322 1025 368 1098 de
388 1028 540 1099 Aremur
560 1041 597 1100 et
618 1027 770 1128 Guberto
789 1029 895 1102 vobis
917 1029 979 1128 pit
1007 1029 1203 1102 devotione
1224 1055 1411 1121 concesse,
1435 1031 1529 1106 siout
1545 1059 1588 1107 ea
1658 1063 1661 1076 ¹

179 1152 305 1224 omnia
315 1148 413 1248 juste
427 1165 463 1224 et
475 1149 628 1250 pacifice
640 1153 843 1252 possidetis,
859 1153 964 1228 vobis
981 1169 1016 1227 et
1030 1179 1098 1253 per
1110 1177 1174 1228 vos
1191 1155 1319 1230 domui
1334 1171 1451 1230 vestre
1463 1175 1587 1232 aueto-

174 1273 286 1346 ritate
305 1272 504 1372 apostolica
518 1273 792 1350 confirmamur.
1502 1338 1505 1346 .

230 1427 251 1468 κ
272 1403 407 1472 Datum
436 1389 624 1492 latereni,
640 1405 704 1476 XV
727 1396 801 1476 tat.
827 1401 1004 1494 octobris,
1021 1402 1258 1503 pontificatus
1271 1406 1385 1479 nostri
1409 1407 1588 1479 en1013⁰
1730 1435 1734 1448 ·

180 1521 322 1624 (raro).
343 1550 364 1592 u

230 1653 279 1721 Le
297 1651 415 1724 meme
431 1651 542 1740 mois,
561 1655 740 1725 Innocent
757 1655 807 1724 111
825 1651 915 1726 ecrit
930 1651 952 1725 ir
969 1650 1134 1752 l’e'veque
1148 1651 1195 1726 de
1212 1653 1386 1728 Demelar

232 1801 251 1840 ι
272 1776 385 1848 Suam
391 1773 438 1847 ad
446 1799 514 1848 nos
522 1773 645 1848 dilecti
659 1773 738 1866 filii,
750 1775 879 1850 iratres
892 1775 1020 1850 militie
1026 1775 1181 1875 Templi,
1191 1778 1461 1874 querimoniam
1475 1794 1591 1850 trans-

183 1899 313 1970 misere
333 1895 436 1994 quod
455 1895 590 1970 nobilis
611 1898 668 1970 vir
684 1903 859 1990 Ronanus,
882 1897 1060 1972 dominus
1080 1889 1462 1998 insule'Nigropontis,
1482 1923 1603 1996 quas-⁸

161 2049 167 2062 ·
182 2017 268 2092 dem
280 2019 521 2118 possessiones
534 2018 556 2092 t
573 2020 715 2112 Iacobo,
728 2020 907 2120 quondam
922 2019 1065 2118 donnico
1076 2020 1121 2094 de
1135 2024 1298 2113 Arenaci,
1316 2023 1457 2119 pietatis
1476 2023 1591 2096 intui—

184 2159 223 2216 tu
241 2168 446 2238 concessas,
466 2143 620 2238 eisdem,
643 2147 681 2220 in
702 2147 827 2220 anime
847 2171 912 2220 sue
934 2146 1189 2248 dispendium,
1210 2145 1373 2220 detinere
1403 2149 1589 2246 presumit.

183 2268 380 2358 Quocirca,
398 2283 469 2342 etc.

234 2419 253 2456 κ
275 2395 409 2464 Datum
424 2395 591 2466 latereni
607 2395 674 2482 tv,
695 2415 813 2466 nonas
826 2393 1126 2482 octobris,.anno
1144 2392 1361 2491 13⁶(1ato).
1382 2423 1400 2461 n

214 2608 216 2614 Α
231 2517 290 2587 On
302 2515 380 2588 voit
397 2514 495 2588 donc
512 2515 595 2614 qu’t
608 2531 702 2589 cette
721 2515 839 2590 eunde
861 2539 970 2607 1210,
991 2517 1126 2589 Ravain
1143 2516 1236 2588 daile
1252 2517 1395 2589 Carceri
1411 2515 1497 2589 erait
1512 2515 1592 2614 dejt

184 2635 293 2710 tubli
306 2661 452 2712 comme
473 2639 639 2736 seigneur
653 2637 705 2712 'de
726 2637 934 2739 Nigrepont
951 2653 988 2710 et
1004 2635 1096 2736 qu’il
1112 2637 1208 2711 avait
1222 2635 1376 2711 succede
1397 2637 1419 2708 ir
1439 2643 1592 2736 Jacques

184 2761 389 2856 d’Avesnes,
405 2765 470 2862 qui
486 2763 573 2838 dtait
590 2762 723 2838 morti
739 2762 913 2865 l’epoque
925 2762 1036 2856 cite'e,
1051 2759 1155 2864 apres
1166 2763 1269 2838 avoir
1286 2763 1350 2836 tait
1368 2785 1417 2834 un
1435 2763 1593 2861 premier

185 2885 482 2962 dtsblissemeutia
500 2885 719 2986 Nigrepont.

233 3015 312 3085 Une
330 3025 434 3086 autre
448 3009 555 3084 lettre
580 3009 801 3085 d’lnnocent
825 3015 875 3084 ut
900 3009 947 3083 de
969 3007 1112 3084 l’annie
1130 3033 1220 3082 roro
1244 3031 1385 3108 prouee
1407 3029 1479 3106 que
1500 3021 1593 3080 cette

188 3140 304 3214 meme
322 3135 440 3210 annde
457 3137 595 3210 flavain
614 3161 651 3208 se
665 3135 780 3208 maria
798 3135 818 3207 it
833 3159 906 3208 une
921 3159 1037 3209 venue
1049 3159 1138 3207 avec
1154 3133 1354 3232 laquelleii
1362 3133 1457 3206 avait
1475 3131 1531 3205 e'te'
1547 3131 1593 3204 lit

187 3259 758 3360 mmmmmmmm

237 3415 255 3454 α
277 3385 501 3486 supplicavit
518 3410 603 3478 nos,
620 3383 712 3458 ecrit
732 3389 913 3460 innocent
930 3382 951 3454 ir
971 3381 1225 3478 l’archereque
1243 3377 1456 3472 d'dthenes,
1480 3378 1595 3452 dilec-

188 3524 245 3581 tus
269 3507 365 3582 filius
377 3507 513 3582 nobilis
531 3509 588 3583 vir
603 3513 789 3598 Bararus,
813 3505 986 3580 dominus
1000 3503 1238 3602 Nigripontis,
1262 3517 1303 3574 ut
1319 3503 1429 3592 oiim,
1453 3502 1595 3600 pietatis

188 3633 340 3726 intuitu,
355 3631 555 3731 quamdam
575 3629 762 3721 nobilem,
777 3653 887 3728 quam
908 3627 1117 3730 ipsius-viro
1138 3627 1283 3700 vivente
1303 3623 1490 3720 cognorit,
1508 3619 1595 3694 velit

189 3757 301 3832 modo
315 3757 450 3832 ducere
464 3759 503 3830 in
514 3781 676 3846 uxorem,
695 3755 930 3852 dignaremur
944 3775 1032 3826 cum
1046 3773 1090 3824 eo
1103 3774 1213 3850 super
1230 3748 1303 3822 hoc
1314 3746 1595 3821 misericorditer

185 3881 409 3980 dispensare.⁴
431 3882 613 3970 Quocirca
635 3877 863 3956 Fraternitati
878 3881 952 3952 Tue
977 3899 1043 3976 per
1067 3871 1265 3974 apostolica
1287 3873 1422 3970 scripta
1440 3869 1596 3942 manda-

189 4031 271 4080 mus
302 4003 484 4102 quatenus
507 4005 649 4104 prefato
676 4003 816 4093 nobili,
847 4003 916 4076 nisi
945 4000 1065 4074 sorsau
1100 3997 1220 4072 eidem
1248 3997 1394 4070 vivente
1422 3995 1502 4068 viro
1529 4019 1595 4074 suo

186 4129 301 4202 tidem
320 4125 481 4221 dederit,
502 4155 566 4204 seu
588 4126 780 4204 mulierem
800 4126 915 4226 ipsam
937 4125 976 4201 in
995 4147 1085 4198 nece
1101 4122 1171 4196 viri
1187 4121 1391 4195 constiterit
1406 4118 1597 4202 machina-

179 4267 280 4342 ·tern,
295 4267 338 4326 ut
349 4278 436 4326 cum
456 4255 534 4353 ipst
548 4253 709 4349 legitime
724 4249 920 4326 contrahat
931 4245 1112 4323 concedas
1126 4246 1339 4320 auctoritate
1360 4247 1487 4320 nostri¹
1505 4241 1597 4314 libe·

191 4401 270 4451 ram
283 4377 507 4472 facultatem,
523 4377 613 4452 dum
632 4375 744 4449 modo
761 4373 860 4448 aliud
872 4373 1093 4448 canonicum
1108 4393 1183 4442 non
1200 4359 1362 4442 obsistatss
1468 4369 1472 4377 '

110 4487 116 4498 ⁵
215 4535 257 4572 -α
275 4509 409 4580 Datum
442 4503 736 4596 merentum
769 4499 839 4574 kat.
870 4495 1247 4598 junii,‚pontisrcatt¹rs
1273 4495 1387 4568 nostri
1411 4515 1508 4580 enno
1541 4490 1600 4564 15·

193 4622 335 4728 (rara).
357 4657 376 4698 u

242 4759 284 4828 Je
303 4753 376 4826 n’ai
392 4779 444 4853 pu
465 4767 615 4826 trouver
636 4752 727 4826 dans
747 4775 868 4824 aucun
900 4759 1116 4822 monument
1137 4741 1412 4840 contempni-ain
1430 4755 1453 4812 tr
1464 4763 1527 4816 ace
1552 4737 1600 4811 de

196 4880 332 4954 Ravain
347 4877 442 4954 dalle
454 4880 597 4953 Carceri
610 4876 715 4976 apres
728 4891 822 4950 cette
834 4873 963 4948 eunde.

192 5231 199 5244 ·
227 5165 389 5218 ‘cottsetton
401 5165 433 5218 ds
443 5164 544 5226 ssime,
557 5167 627 5215 tome
638 5165 662 5219 2,
676 5175 702 5225 p.
716 5165 770 5214 tto.
895 5161 902 5222 t

321 5261 361 5316 1¹⁸
378 5267 517 5317 PARTIE.
