3976 6044
400 653 460 716 422
933 695 936 703 ·
979 651 1215 712 APPENDIGE.
1241 653 1276 712 Α.

401 785 468 841 Dion
478 793 519 842 est
533 786 600 841 assis
610 800 642 840 en
653 799 703 840 son
715 785 784 841 erint
795 785 911 855 irettigo,

403 874 460 932 Ori
473 888 549 945 perra
559 889 588 928 se
600 872 632 928 eii
643 871 667 928 le
676 880 812 929 emenoni

402 960 451 1016 Cui
464 961 480 1016 ii
490 961 542 1032 jete
551 958 583 1014 do
596 958 619 1014 in
630 959 719 1030 prison
729 959 862 1030 ornbrnige

403 1048 493 1116 Quent
507 1047 524 1102 ii
539 1047 566 1102 in
581 1062 654 1102 rnors
666 1061 700 1101 en
710 1045 733 1101 io
743 1047 811 1102 erois
822 1046 853 1100 ite
864 1045 935 1101 Ture
949 1053 1004 1100 ont.

403 1133 536 1202 seientes,
552 1133 602 1189 chii
616 1141 677 1190 sont
692 1141 751 1204 trop
761 1135 822 1190 honi
832 1133 857 1188 iri
870 1132 985 1200 n'iront,

405 1220 452 1277 S’ii
467 1221 542 1277 n'ont
553 1229 671 1290 ponente,
680 1237 715 1276 on
729 1220 850 1290 vielieoe,
866 1236 901 1276 on
913 1219 1047 1291 mat-atge.

404 1307 440 1365 Et
452 1307 484 1364 cii
494 1307 518 1363 ki
529 1308 584 1364 sain
598 1317 624 1364 et
631 1308 695 1379 jone
705 1316 732 1364 et
743 1308 813 1364 riche
825 1315 885 1364 sont

403 1393 444 1450 Ne
452 1401 564 1466 poevent
574 1411 621 1467 pas
634 1394 753 1450 demorer
763 1410 826 1450 sens
842 1393 973 1464 hontnige.

404 1533 478 1592 Tons
492 1536 508 1592 ii
519 1535 630 1606 nlergits
640 1541 664 1590 et
680 1534 696 1589 li
709 1533 786 1590 horne
799 1532 898 1604 d’e'eige

405 1624 459 1690 Qui
471 1640 518 1680 ens
530 1637 674 1692 nusmogne
684 1628 709 1676 et
721 1636 767 1676 ens
780 1619 853 1676 biens
866 1621 913 1676 inis
924 1629 1042 1677 morront

405 1709 555 1767 Partiront'
570 1717 608 1765 tot
619 1711 634 1764 t
646 1715 702 1763 nest
713 1707 879 1778 peierineige,

407 1797 443 1854 Et
456 1797 492 1853 ies
501 1796 591 1854 demes
603 1794 627 1850 ti
643 1796 806 1851 chaeremoni
816 1796 921 1851 vivront

405 1883 439 1939 Se
452 1883 546 1940 loiaute
562 1883 619 1940 sont
631 1884 646 1939 ὲ
659 1899 721 1939 oeus
730 1883 775 1954 (ιυί
787 1883 854 1939 iront
866 1881 891 1950 ¹;

405 1972 441 2028 Et
449 1971 525 2028 s'eies
533 1971 589 2027 iont
598 1971 703 2042 parmai
713 1971 803 2028 oonsei
814 1971 917 2041 ioieige,

404 2062 447 2116 As
461 2059 565 2132 lesques
580 2075 645 2130 gens
658 2067 684 2115 et
695 2059 812 2116 rnnuveis
824 2058 847 2114 ie
863 2058 947 2116 ieront
964 2101 971 2128 ‚

405 2147 456 2205 Cer
466 2147 603 2206 totiibnin
612 2148 682 2204 iront
690 2162 723 2203 en
733 2155 789 2204 eost
799 2147 909 2218 roioige.

407 2286 505 2344 Riches
518 2302 550 2342 ne
564 2285 617 2342 veit
629 2286 701 2342 troir
712 2287 754 2342 vie
769 2285 903 2356 tinniense,

410 2374 438 2432 Si
451 2375 520 2430 roist
528 2389 577 2446 por
586 2373 654 2430 Diex
667 2373 748 2430 morin
762 2373 810 2429 lies
821 2381 847 2430 et
857 2372 953 2444 joiens.

408 2462 451 2519 lie
467 2461 520 2518 cele
531 2477 604 2518 mors
615 2470 656 2518 est
665 2461 748 2518 donce
764 2469 791 2517 et
804 2476 943 2517 savereuse

408 2549 482 2605 Dont
493 2564 528 2605 on
540 2549 676 2621 conquiert
686 2549 710 2604 ie
718 2564 793 2604 resne
804 2549 932 2620 presieus.

407 2636 448 2693 Ne
457 2635 483 2707 jo
497 2636 529 2692 de
541 2643 610 2692 mort
620 2635 679 2691 n’en
689 2637 696 2691 i
705 2653 792 2692 morra
804 2652 840 2692 un
850 2635 911 2704 sels,

408 2723 877 2794 Ainsneisteronten'viegiorieuse.

408 2811 444 2869 ttt
461 2827 570 2868 revenrn
584 2812 649 2868 molt
660 2827 717 2867 sere
731 2813 830 2867 eureus
844 2835 851 2879 ;

409 2899 434 2954 A
449 2904 489 2955 tos
497 2899 553 2970 jors
566 2899 632 2958 nnis
641 2916 673 2955 en
684 2899 847 2955 iertHonors
857 2898 1001 2969 s'esneuse.

407 3035 475 3092 Dion
486 3037 492 3090 t
505 3043 562 3093 tant
573 3051 655 3092 avons
667 3037 722 3092 esti
734 3053 799 3107 prex
812 3051 859 3108 per
868 3034 992 3092 huiseose
1004 3035 1010 3090 !

409 3121 449 3178 Or
459 3136 583 3178 verra-on
593 3122 633 3180 kin
651 3131 735 3182 certes
745 3124 794 3181 iert
807 3140 882 3196 prex.

410 3209 512 3266 S’irons
523 3211 632 3282 rengier
646 3210 669 3266 ia
682 3211 761 3269 honte
773 3211 910 3270 doiereuso

409 3298 483 3356 Dont
493 3297 624 3355 cheseuns
641 3299 698 3355 doit
708 3307 776 3356 estre
791 3300 853 3355 iries
865 3307 891 3356 et
903 3297 999 3358 hontex
1013 3327 1020 3371 ;

408 3385 483 3442 Ceri
502 3402 536 3442 no
556 3394 612 3442 tans
624 3393 665 3442 est
682 3386 781 3458 perdus
795 3387 811 3442 ii
823 3388 895 3444 seins
906 3386 971 3445 iieus

409 3472 454 3530 oo
467 3474 532 3530 Diex
547 3475 620 3532 soiiri
634 3490 683 3546 por
701 3490 748 3530 nos
760 3482 830 3531 niort
840 3475 980 3546 gloriense.

410 3557 488 3618 S'ori
505 3561 673 3619 taissonsnos
685 3565 785 3618 anemis
795 3571 898 3620 mortex

410 3649 437 3712 Δ
449 3655 490 3706 tos
499 3647 554 3719 iors
562 3649 627 3706 mnis
636 3651 731 3706 iertno
743 3650 784 3707 vie
794 3650 933 3708 honteuse.

847 3737 950 3810 (Snppi.
967 3747 1027 3796 tot.

714 3871 793 3930 viti.

501 3977 565 4036 Bion
580 3993 622 4034 rne
641 3977 737 4036 deusne
751 3978 845 4050 largior

414 4065 452 4120 De
463 4065 581 4137 channon
592 4066 653 4122 inire
664 4065 733 4121 etde
745 4081 803 4122 mos
818 4065 985 4138 niderheim,

502 4152 592 4220 Quant
603 4153 656 4208 rnoi
669 4153 791 4210 convient
801 4152 933 4226 esiongier

413 4234 453 4291 De
465 4233 488 4290 in
500 4234 586 4292 mittor
597 4236 630 4294 tie
643 4243 708 4293 totns
719 4236 761 4293 les
769 4237 885 4296 rniiions.

412 4321 439 4378 Si
455 4338 496 4379 ern
516 4325 575 4395 puis
584 4323 644 4380 bien
658 4324 721 4380 inire
731 4325 803 4380 voire
815 4335 941 4385 vantnnoe

412 4408 486 4482 Keje
499 4411 536 4468 tas
552 4411 620 4482 pius,
638 4418 731 4481 certes,
747 4411 844 4469 lienus
862 4429 974 4484 nmons;

412 4496 439 4554 Si
452 4514 484 4555 en
496 4499 536 4556 sui
550 4498 613 4557 rnoit
627 4499 729 4556 endroit
740 4499 915 4573 i’arnejoions‚

413 4585 484 4644 Mais
496 4586 536 4645 dei
548 4603 609 4646 cors
623 4588 646 4644 ni
659 4596 685 4644 et
695 4588 756 4659 pitit
768 4597 793 4644 et
805 4605 930 4662 pesnnee.

500 4719 543 4777 On
559 4733 588 4776 so
601 4719 657 4776 doit
666 4719 725 4776 bien
735 4720 873 4776 eiiorchier

412 4803 453 4860 De
464 4805 529 4861 Dien
539 4807 632 4876 servir,
640 4807 667 4877 jn
679 4808 714 4864 n’i
723 4809 774 4864 soit
783 4808 800 4864 ii
812 4807 907 4878 iniens,

444 4981 451 5011 ¹
471 4979 615 5030 Prendront
628 4987 686 5044 pert
697 4996 747 5032 nux
759 4982 892 5033 bieninits.

1210 785 1246 841 Et
1254 783 1276 840 in
1286 784 1349 841 einr
1359 784 1472 842 treindre
1484 793 1511 842 et
1521 785 1602 858 piaier

1122 871 1157 926 itt
1169 869 1233 928 edes
1247 878 1288 929 est
1297 871 1331 928 de
1343 872 1449 944 peehier
1458 871 1585 930 desirnns.

1123 958 1625 1031 Adonnoientextnoontepentnnee.

1123 1045 1221 1104 Helas!
1240 1062 1269 1103 se
1284 1063 1335 1102 nus
1349 1063 1377 1103 se
1387 1046 1443 1103 doit
1455 1059 1549 1102 snnver
1561 1045 1663 1114 dotans,

1123 1136 1196 1192 Dont
1205 1134 1260 1192 doit
1273 1151 1320 1207 por
1333 1134 1402 1192 droit
1412 1151 1456 1190 rna
1466 1135 1557 1190 rnerite
1571 1141 1641 1192 estre
1652 1149 1742 1206 grano

1123 1223 1174 1280 Cor
1186 1223 1245 1295 pins
1259 1223 1352 1280 dolens
1362 1239 1394 1280 ne
1404 1238 1433 1280 se
1445 1221 1606 1294 ernnusto
1620 1223 1731 1280 Franoe.

1213 1347 1289 1404 Vons
1301 1348 1326 1404 iri
1337 1348 1435 1405 dismis
1446 1348 1484 1405 ies
1497 1347 1616 1417 emistis,

1124 1437 1166 1493 Ne
1175 1437 1322 1508 despondes
1332 1437 1382 1494 mie
1392 1436 1557 1505 i'nvoirensi,

1212 1524 1310 1582 Auerni
1324 1525 1391 1580 Dieu
1404 1541 1437 1580 en
1449 1525 1539 1581 serios.

1125 1612 1201 1668 Diex!
1213 1610 1245 1668 ire
1257 1620 1368 1682 norront
1379 1612 1442 1668 inire
1453 1613 1474 1668 si
1485 1610 1580 1668 noemi.

1126 1699 1215 1766 Qunnt
1227 1707 1266 1755 tot
1280 1699 1297 1755 ii
1312 1699 1381 1755 saint
1394 1697 1565 1755 trembiernnt
1574 1697 1607 1754 de
1620 1695 1731 1752 dotanoe

1126 1785 1306 1843 Deronteeiui
1321 1785 1346 1842 ti
1361 1801 1464 1858 enques
1475 1785 1608 1856 nomenti,
1722 1833 1725 1840 .

1126 1873 1220 1931 Adont
1233 1881 1321 1931 seront
1332 1873 1445 1946 peehtor
1455 1872 1506 1929 mni
1516 1873 1595 1944 britii,

1127 1962 1162 2018 Se
1173 1977 1202 2018 so
1218 1961 1281 2033 pitin
1291 1976 1323 2018 ne
1332 1977 1429 2020 euevre
1442 1976 1470 2017 se
1482 1962 1630 2035 poissnnee.

1217 2083 1269 2152 Qui
1288 2099 1333 2140 ees
1349 2084 1444 2140 herous
1454 2083 1578 2155 empiries

1128 2169 1198 2228 C’est
1207 2187 1271 2228 sons
1284 2171 1342 2240 eun
1353 2171 1380 2242 jt
1394 2170 1456 2227 n’en
1469 2187 1513 2227 nro
1523 2171 1592 2227 servi

1217 2259 1268 2315 K'ii
1278 2275 1346 2315 vous
1356 2274 1398 2314 orn
1415 2273 1513 2331 prenge
1526 2259 1612 2330 pities.

1127 2345 1200 2402 Ponr
1210 2362 1260 2418 eon
1274 2347 1318 2402 init
1330 2345 1390 2402 boin
1402 2346 1469 2402 Dieu
1488 2346 1580 2418 servir,
1594 2345 1626 2402 ko
1637 2345 1660 2402 te
1670 2345 1707 2414 di,

1129 2433 1214 2502 Qn’en
1230 2433 1265 2490 ini
1282 2433 1364 2490 servir
1375 2434 1416 2514 n'e
1427 2449 1473 2490 ens
1483 2433 1520 2488 ini
1531 2449 1564 2490 ne
1572 2450 1619 2489 eur
1629 2450 1661 2490 ne
1670 2433 1777 2490 hanon:

1129 2522 1164 2578 lit
1179 2521 1238 2578 bien
1254 2521 1276 2578 io
1292 2529 1356 2590 sert,
1367 2527 1393 2578 et
1405 2522 1465 2578 bien
1474 2519 1489 2577 ii
1502 2529 1542 2579 ost
1557 2522 1631 2578 rneri.

1130 2610 1220 2667 Pienst
1234 2611 1325 2666 otiien
1337 2609 1462 2666 k'Arnors
1473 2625 1501 2666 se
1511 2609 1554 2666 fist
1568 2609 1624 2666 ausi

1130 2698 1186 2754 Ens
1201 2713 1262 2754 vers
1272 2705 1313 2754 tos
1326 2712 1404 2755 oenus
1419 2695 1464 2770 (ιυί
1479 2713 1526 2752 ens
1538 2695 1555 2752 li
1567 2703 1613 2752 ont
1623 2685 1714 2752 tinnee.

1220 2819 1261 2874 Ne
1270 2817 1314 2889 jo,
1331 2833 1380 2889 por
1390 2816 1434 2873 nul
1445 2816 1563 2888 desirier,

1130 2905 1171 2961 Ne
1181 2905 1308 2968 romnnrni
1320 2905 1362 2961 ehi
1374 2919 1439 2961 aron
1452 2903 1490 2961 eei
1504 2905 1586 2963 tirens

1220 2991 1254 3048 tn
1267 2999 1328 3048 sont
1339 2991 1444 3050 croisiet
1455 2993 1470 3047 i
1482 2991 1547 3047 ioier

1132 3078 1185 3134 Por
1198 3078 1296 3136 dismer
1309 3079 1377 3136 eiers
1388 3085 1415 3135 et
1424 3079 1523 3150 borjois
1533 3083 1559 3134 et
1571 3077 1680 3152 serjnns.

1134 3167 1196 3224 Pius
1208 3183 1239 3223 en
1251 3169 1335 3224 eroisn
1346 3167 1492 3224 eonroities
1505 3183 1556 3240 que
1569 3167 1686 3222 creonee.

1132 3254 1202 3310 Meis
1211 3254 1266 3312 onie
1281 3255 1351 3312 crois
1361 3271 1394 3310 ne
1406 3253 1461 3310 ienr
1474 3253 1559 3325 iert·j'e
1575 3269 1670 3324 gerens

1132 3341 1215 3398 Anni
1228 3342 1334 3410 croisie;
1348 3341 1380 3398 ie
1393 3343 1458 3402 nter
1468 3350 1509 3398 est
1518 3341 1539 3398 si
1552 3342 1673 3414 poissens

1133 3429 1175 3485 Ke
1184 3429 1201 3485 ii
1211 3445 1239 3486 se
1250 3445 1333 3501 venge
1344 3431 1359 3486 i
1370 3445 1422 3501 pen
1434 3429 1466 3486 de
1477 3426 1641 3486 demoranoe.

1565 3515 1669 3587 (Suppi.
1689 3517 1760 3586 18⁴.)

1137 3621 1184 3678 Uo
1195 3626 1278 3678 anne
1288 3605 1551 3695 manumittentis
1562 3623 1811 3691 Saint-Germoin,

1416 3713 1512 3782 ajoote
1526 3737 1533 3765 .-

1222 3812 1320 3870 Nostre
1332 3811 1402 3870 Sires
1411 3823 1452 3872 nst
1460 3814 1486 3886 jn
1499 3813 1608 3886 rengiis

1135 3900 1191 3957 Des
1205 3899 1273 3958 boos
1284 3900 1384 3958 herens
1393 3902 1438 3974 (ιυί
1449 3918 1479 3958 or
1489 3901 1506 3958 ii
1516 3909 1578 3960 sont
1586 3901 1671 3960 initiis.

1224 3989 1265 4046 0(
1276 3988 1314 4047 les
1322 3990 1406 4048 vosist
1415 3991 1537 4062 empirios

1135 4076 1194 4144 Qne
1210 4086 1271 4135 sont
1280 4077 1339 4150 pius
1349 4078 1384 4134 rii
1396 4077 1544 4150 qu'onquee
1554 4077 1619 4134 mnis
1629 4077 1737 4134 nevisi.

1135 4163 1231 4221 Daheit
1240 4165 1256 4220 n
1267 4165 1326 4222 bers
1338 4166 1382 4238 qui
1397 4173 1438 4222 est
1449 4165 1482 4222 de
1494 4165 1527 4222 tei
1541 4164 1692 4222 semblenne

1135 4251 1200 4308 Corn
1212 4252 1228 4308 ii
1240 4253 1304 4310 oisei
1315 4254 1360 4326 (ιυί
1372 4253 1482 4310 eonehie
1496 4269 1544 4310 son
1556 4253 1605 4317 nit;

1135 4339 1193 4396 Pon
1206 4355 1238 4396 en
1254 4341 1291 4396 irn
1305 4342 1366 4398 n’ait
1376 4358 1425 4399 son
1437 4357 1516 4412 regne
1529 4339 1610 4396 bonni

1136 4427 1189 4483 Por
1200 4428 1327 4502 tantqn’ii
1340 4430 1376 4488 nit
1385 4445 1430 4486 sor
1440 4445 1482 4486 ses
1492 4429 1585 4486 homes
1598 4426 1747 4498 poissnnee.

1136 4549 1176 4606 Or
1187 4566 1233 4606 ros
1242 4549 1265 4607 oi
1279 4549 1313 4606 dit
1326 4550 1372 4606 dos
1384 4551 1480 4606 berone
1491 4565 1533 4606 rna
1544 4549 1690 4606 semininnoe
1703 4574 1709 4603 ι

1136 4638 1164 4694 Si
1176 4639 1215 4694 ior
1225 4639 1299 4710 poiso
1311 4637 1343 4694 de
1353 4655 1404 4710 oon
1418 4655 1470 4712 que
1479 4655 1527 4694 vos
1538 4639 1562 4694 ni
1583 4637 1619 4708 di,

1136 4727 1163 4783 Si
1178 4728 1233 4782 s‘en
1243 4726 1378 4798 preignent
1390 4727 1405 4782 n
1418 4743 1480 4782 mon
1496 4727 1602 4782 maistre
1618 4723 1703 4782 d'Oisi

1137 4817 1190 4886 Qui
1207 4817 1258 4872 m'n
1269 4815 1359 4888 appris
1374 4815 1506 4872 ichnnter
1519 4814 1693 4872 denenionee.

1461 4933 1516 4992 tx,

444 5057 503 5109 'ce
515 5073 572 5109 vern
583 5066 620 5110 eet
642 5062 730 5112 oubttn
751 5063 816 5112 dent
838 5063 861 5114 ie
885 5035 1028 5114 rnnnr'ncrit
1051 5065 1097 5114 int
1137 5039 1282 5107 1¹⁸³u¹f⁸i⁰fs
1299 5057 1334 5096 ¹¹¹¹
1346 5040 1388 5112 1⁰¹¹
1399 5039 1474 5110 ⁸1¹¹&s
1489 5039 1512 5095 ¹³
1523 5040 1592 5096 ⁵³5¹st
1603 5038 1711 5110 ”mista

413 5138 530 5201 supplet
540 5139 706 5191 rn’entionrni
718 5153 765 5203 per
777 5141 900 5192 iereeneti
911 5141 941 5191 de
950 5143 1095 5196 inhiarit.
1138 5129 1187 5188 Fui
1200 5130 1214 5187 t
1226 5129 1329 5187 Boione
1338 5129 1373 5186 oin
1385 5127 1430 5200 j'ai
1443 5129 1498 5186 este
1511 5135 1623 5196 sotent3
