3976 6044
344 629 533 710 MARCHFS
556 647 608 708 DE
628 645 748 709 sitini
772 645 889 708 toliis
910 645 1014 710 AVEG
1036 646 1108 708 ties
1129 627 1279 710 Geuots
1300 647 1354 711 EN
1377 653 1463 714 teon.
1547 651 1605 712 439

201 782 268 844 diss
292 783 311 842 8
333 777 445 840 niensis
464 775 557 840 modii
579 777 720 856 psoiimd
738 780 878 854 veneni,
929 779 1012 856 quod
1025 777 1171 854 remanet,
1193 780 1255 856 qud
1278 778 1435 844 occasione
1458 780 1539 844 illins
1553 800 1605 858 pe·

201 876 285 923 iiiino
298 865 438 922 currente
457 862 549 936 1270,
563 875 689 922 sonnein
702 863 732 920 et
745 864 880 936 stegnnn
930 857 1085 932 motionis,
1107 857 1217 919 debitis
1241 865 1272 920 et
1290 859 1411 922 solvetis
1431 859 1534 940 nobis,
1553 879 1603 923 seu

202 936 352 1018 coopertis
365 944 397 1002 et
417 940 598 1014 completum
620 939 743 1002 restuto
757 943 787 1000 et
807 934 880 1000 stei-
928 937 994 998 dori
1006 943 1036 998 et
1050 939 1125 998 solil
1142 935 1256 1000 luciolis
1269 935 1300 999 iii
1315 937 1381 1016 ipso
1392 941 1458 1002 loco
1472 945 1517 1004 iel
1533 941 1605 1004 olibi

203 1014 880 1096 loriisproequisponendisclcumoinnibui
929 1014 981 1078 ubi
997 1023 1129 1092 reniret
1151 1015 1247 1094 ipsein
1269 1022 1369 1079 neuim
1392 1021 1470 1080 liiclo
1490 1020 1604 1084 domini

202 1097 269 1160 eliis
289 1105 320 1160 et
333 1095 461 1174 singulis
480 1113 572 1173 supro
590 1099 690 1175 dictis,
709 1101 739 1160 el
756 1097 879 1158 domilin
929 1098 1019 1172 regis,
1032 1093 1125 1158 libros
1146 1097 1188 1160 lo
1213 1104 1388 1159 turonenses
1408 1115 1463 1175 per
1484 1107 1604 1163 centuni

202 1195 273 1240 cuin
301 1179 409 1238 ellectu
439 1176 576 1238 omnium
608 1193 711 1240 rerum
743 1193 881 1238 necesss-
929 1173 1130 1238 summedictl
1145 1175 1541 1252 nouli‚scilicetlibrus960
1555 1188 1605 1242 tii-

203 1255 315 1320 rinrum
338 1253 395 1334 ipsi
414 1259 483 1320 noti
497 1253 879 1329 commutandorum,
928 1269 1083 1318 lonenses.

202 1335 280 1398 sicut
301 1337 423 1413 eiipedit
445 1337 557 1398 hebere
579 1353 689 1401 novem
706 1337 783 1400 ultre
798 1351 881 1397 inore
969 1337 1097 1412 lusuper
1123 1333 1327 1413 promittimus
1352 1343 1381 1400 et
1410 1341 1605 1401 convenimus

204 1419 430 1478 transferentem
447 1413 477 1478 iii
493 1414 630 1492 possegio
643 1433 714 1478 cuni
739 1412 825 1494 equis
851 1421 880 1476 cl
929 1412 1377 1496 iobisdictissmboxstoribus,
1392 1421 1473 1496 quod
1486 1421 1606 1480 indicto

201 1493 379 1574 peregrinis.
396 1497 434 1556 Et
447 1494 496 1556 tuli
514 1497 606 1558 modo
614 1502 647 1557 ut
657 1512 748 1572 supro
764 1498 879 1556 dictum
929 1496 997 1556 loco
1008 1493 1119 1556 dictem
1139 1493 1239 1560 novini
1261 1497 1370 1558 iterilm
1394 1496 1606 1560 lionernbimus

201 1582 267 1652 est,
289 1573 399 1636 dictem
421 1572 521 1638 nuiiin
537 1573 622 1639 tobis
633 1573 721 1637 dictis
734 1576 880 1636 onimiu-
929 1590 982 1635 sou
994 1573 1133 1636 lioneriiri
1145 1574 1436 1638 leciemuiomnibus
1449 1581 1506 1639 illis
1517 1579 1607 1640 rebus

203 1653 317 1718 toribus
331 1656 411 1716 dicto
420 1657 542 1717 nomine
552 1653 754 1732 promittimus
769 1655 881 1718 licberc
928 1667 989 1730 que
1016 1653 1163 1731 placuerit
1188 1657 1269 1717 dicto
1288 1654 1413 1718 domino
1437 1655 1517 1735 regi,
1536 1675 1606 1719 cuin

202 1741 338 1812 peretum
353 1739 383 1798 et
402 1737 582 1798 conductum
597 1736 636 1798 sd
654 1732 768 1798 dictum
779 1737 879 1796 locum
930 1733 1049 1795 beronis
1062 1732 1141 1795 dicte
1160 1733 1256 1812 neiis,
1270 1737 1352 1814 quod
1367 1744 1400 1798 ut
1416 1740 1523 1798 meliils
1542 1737 1605 1798 lteri

202 1817 240 1876 de
260 1811 497 1893 Aquis-mortuis
520 1833 616 1894 iisque
630 1818 669 1877 ed
688 1817 802 1876 dictum
818 1821 879 1876 ter·
928 1813 1080 1903 potuerit,
1098 1819 1128 1903 el
1150 1815 1292 1886 demun,
1313 1833 1383 1876 oiini
1403 1813 1466 1892 ipsl
1485 1817 1554 1879 neiii
1577 1823 1607 1879 et

202 1891 331 1956 minum.
929 1892 1098 1955 marinariis
1112 1895 1163 1956 ibo
1178 1896 1216 1955 (((1
1231 1897 1315 1956 illum
1333 1897 1432 1956 locuni
1454 1897 1494 1956 ud
1515 1912 1605 1973 quem

240 1976 388 2052 Insuper,
410 1971 613 2050 promittimur
635 1979 665 2038 el
684 1972 880 2037 convenimus
930 1971 1075 2050 plncuerit
1087 1971 1212 2035 domino
1227 1972 1288 2050 regi
1305 1976 1349 2037 iel
1364 1978 1429 2050 eJus
1450 1977 1606 2051 manneio,

201 2051 643 2131 uobisdiotisombiiiiutoribus,
655 2055 738 2132 quod
751 2057 881 2116 honerii·
928 2057 959 2113 el
978 2051 1108 2130 ibidem,
1123 2049 1147 2112 si
1163 2069 1284 2116 necesse
1298 2056 1398 2130 luerit,
1413 2056 1607 2116 eilioncrobo
1659 2095 1663 2102 -

201 2131 302 2194 binius
316 2150 369 2194 seu
388 2131 527 2196 boneisri
541 2130 804 2196 iaciemusnostiis
823 2151 880 2195 en·
929 2129 993 2194 site
1005 2131 1182 2194 einonernri
1200 2129 1343 2194 internus
1366 2136 1462 2209 ipsein
1483 2133 1604 2211 neiiin,

72 2215 76 2219 ’
202 2214 302 2288 pensis
316 2208 347 2273 in
359 2209 438 2272 diotd
453 2230 529 2276 nete
545 2231 651 2276 omnes
664 2216 729 2276 illos
742 2231 791 2275 res
805 2231 880 2304 quoi
929 2210 1091 2273 utilictum
1109 2217 1164 2290 est,
1178 2218 1207 2273 et
1221 2215 1381 2290 postquem
1399 2230 1472 2288 ergo
1482 2216 1521 2274 de
1540 2217 1604 2291 lpsl

203 2292 288 2353 iobis
305 2309 358 2353 seii
375 2292 455 2353 dicto
473 2291 597 2356 domino
611 2291 673 2371 regi
687 2296 834 2370 placuerit
849 2312 879 2354 iii
929 2294 1316 2356 nuileilionerstieruntin
1328 2290 1603 2371 terrlinipsoloco,

202 2367 268 2447 ipss
294 2370 364 2434 nuri
389 2389 502 2448 ponere
525 2371 588 2436 iiie
608 2370 681 2450 poni
707 2375 823 2448 locere,
850 2379 881 2434 et
928 2369 1132 2450 promittimus
1153 2377 1183 2432 et
1201 2368 1398 2434 convenimur
1422 2369 1524 2449 iobis,
1547 2371 1605 2434 ibi-

200 2450 815 2539 quddnonllioneisbimusiiichonereri
837 2454 881 2514 lii·
928 2455 998 2514 dein
1027 2457 1105 2512 sture
1140 2457 1171 2512 et
1200 2457 1358 2539 expectere
1388 2468 1442 2529 per
1470 2469 1604 2540 inensem

201 2547 315 2592 ciemus
330 2532 445 2607 aliquus
472 2547 519 2594 res
539 2529 568 2592 in
584 2530 648 2610 ipso
671 2529 740 2595 nnii
765 2533 880 2610 ubsque
928 2547 1022 2591 unuin
1046 2547 1116 2590 cuin
1137 2531 1201 2606 ipss
1228 2546 1315 2606 nevi,
1332 2533 1469 2592 leniendo
1492 2529 1604 2594 ibidem

201 2607 325 2671 scientie
338 2607 452 2672 domini
467 2608 546 2686 regis
560 2629 613 2674 seu
627 2615 693 2688 ejus
704 2613 858 2676 mendcio.
928 2607 1086 2673 servicium
1095 2605 1209 2670 domini
1218 2605 1307 2685 regis,
1319 2608 1395 2670 siniit
1404 2607 1545 2686 deipsius
1554 2625 1605 2673 io*

226 2690 336 2765 itero,
353 2687 555 2766 promittimus
570 2697 599 2753 et
614 2687 809 2753 convenimus
823 2709 879 2756 io-
928 2693 1042 2751 liintste
1056 2690 1234 2766 preceperit
1245 2701 1341 2765 usque
1355 2691 1392 2750 ed
1411 2690 1524 2750 dictum
1543 2697 1605 2750 ter-

200 2763 247 2855 bis
260 2766 342 2829 dicto
357 2767 496 2857 nomine,
518 2773 600 2847 qiidd
617 2767 787 2846 iurnbimus
801 2768 877 2850 siin
928 2772 1061 2848 minum3
1077 2774 1107 2830 et
1117 2769 1144 2856 sl
1159 2770 1236 2830 inlrli
1250 2765 1363 2856 dictum
1380 2785 1531 2845 mensem,
1549 2787 1604 2830 io-

201 2851 281 2908 diotd
297 2865 365 2910 neti
381 2847 620 2928 fuerimus‚siiie
633 2849 677 2912 illi
691 2849 743 2930 qui
755 2850 785 2912 iii
799 2853 878 2912 dieti
927 2851 1026 2910 luntos
1049 2851 1138 2909 luerit
1151 2849 1223 2908 dicti
1243 2864 1321 2918 regis
1333 2850 1380 2914 iel
1400 2851 1465 2922 eJ'us
1487 2847 1605 2912 consilii

201 2943 277 2989 nete
304 2924 416 2989 luerint
436 2929 605 3004 probunt,
631 2932 670 2992 sd
697 2937 800 2992 sunote
821 2929 877 2993 Ilei
929 2924 1124 2991 irensieiendi
1139 2932 1343 3003 soetgcnlsm
1358 2943 1444 2988 sucin
1458 2930 1496 2988 cd
1509 2925 1603 2990 elium

201 3005 385 3094 Evangelia,
401 3011 516 3072 solium
540 3016 570 3071 et
594 3012 746 3072 custodiro
763 3008 876 3073 dictum
927 3009 1026 3074 locum
1039 3011 1077 3068 iii·
1087 3008 1192 3096 nemin
1205 3004 1338 3096 regione,
1353 3009 1435 3095 quod
1450 3011 1604 3071 tenesmon

201 3088 358 3161 dominum
376 3105 474 3164 regeiii
490 3093 521 3150 et
535 3095 655 3165 gentem
668 3105 754 3152 suein
768 3097 877 3154 elom·
928 3093 1016 3165 lllilc,
1042 3090 1067 3148 si
1095 3085 1124 3148 iii
1156 3089 1235 3148 diotd
1263 3103 1331 3148 noii
1361 3088 1525 3162 fuerimus,
1557 3091 1604 3152 vel

202 3182 253 3225 nes
267 3183 312 3226 res
327 3183 413 3236 suns,
429 3173 459 3228 et
469 3171 628 3242 gentissue
640 3214 649 3246 ‚
661 3175 691 3230 et
704 3167 801 3232 eidem
814 3187 879 3234 ino-
927 3165 971 3232 illi
984 3170 1037 3247 qui
1058 3170 1088 3228 in
1111 3163 1191 3228 dicte
1206 3163 1275 3229 novi
1292 3164 1405 3227 luerint
1425 3163 1469 3226 ire
1486 3171 1605 3228 teneon·

201 3241 366 3332 nitionibus
400 3247 547 3326 obedire,
571 3254 601 3310 et
634 3251 788 3326 complere
813 3249 878 3314 iis·
928 3255 1059 3310 inicum
1079 3244 1158 3307 dictl
1173 3249 1258 3324 noni3
1279 3247 1436 3307 etiterum
1459 3253 1604 3321 equorei

200 3341 284 3400 giuin
309 3326 391 3402 quod
425 3322 504 3388 idem
536 3325 677 3388 dominus
699 3346 752 3392 rcii
780 3331 878 3392 locere
927 3335 1029 3404 gerites
1044 3331 1075 3388 et
1088 3341 1135 3387 rei
1148 3340 1264 3401 omnes,
1276 3341 1336 3402 que
1349 3323 1461 3385 ibidem
1473 3325 1511 3386 dc
1524 3327 1603 3387 dicis

200 3401 338 3466 voluerit.
927 3409 995 3471 nesi
1013 3408 1196 3467 esnonernte
1214 3411 1321 3481 erunt,
1337 3407 1535 3466 recliooerure
1550 3421 1604 3466 sen

240 3485 380 3563 Insuper,
397 3482 424 3546 ei
448 3491 537 3562 punto
558 3485 755 3548 incontinenti
779 3505 878 3565 oppo-
927 3483 1114 3548 recliouersri
1137 3486 1286 3571 lucescet
1308 3485 1450 3571 reducere
1474 3480 1503 3543 iii
1523 3481 1604 3544 dicto

200 3562 284 3636 nito,
305 3561 508 3640 promittimus
529 3570 559 3626 et
577 3567 772 3628 convenimus
794 3565 877 3632 vobis
927 3567 995 3630 nnil
1010 3579 1080 3626 cuin
1093 3563 1213 3625 bercbis
1227 3565 1306 3624 dlcle
1319 3579 1413 3638 nnsis,
1425 3579 1481 3639 pro
1501 3569 1604 3624 ulme.

199 3638 280 3702 dioto
298 3641 438 3718 nomino,
451 3645 532 3723 quod
545 3661 582 3706 eii
597 3664 658 3723 quo
677 3643 755 3708 dicte
771 3649 875 3726 neiis,
926 3644 984 3706 tius
1008 3641 1072 3705 lieri
1101 3639 1247 3722 potuerit,
1271 3648 1301 3702 et
1319 3643 1441 3730 deinum
1467 3639 1510 3704 ire
1534 3659 1603 3730 suin

200 3721 239 3808 do
259 3725 400 3784 mendnto
422 3721 536 3785 domini
559 3727 636 3802 regis
656 3727 701 3789 iel
716 3729 781 3801 ojus
797 3745 876 3788 nun·
926 3729 990 3802 lpsl
1005 3725 1072 3787 neti
1087 3729 1117 3786 et
1132 3726 1279 3785 lionersre
1296 3723 1335 3784 ed
1348 3724 1441 3810 ulium
1456 3725 1556 3810 locuni
1572 3741 1603 3783 in

200 3801 396 3878 oli,sepnrute
412 3801 635 3866 lueritdedicto
648 3807 878 3884 locodeilquis·
925 3809 1030 3866 eodeni
1053 3800 1176 3880 regione
1193 3819 1257 3880 quo
1275 3804 1422 3880 placuerit
1441 3803 1524 3862 dicto
1545 3805 1603 3862 dou

201 3879 346 3957 mortuis,
363 3884 387 3942 si
406 3886 544 3946 solentes
559 3883 649 3946 luerit
661 3881 777 3946 domini
799 3883 876 3962 regis
926 3887 1009 3946 mino
1023 3887 1106 3960 regi,
1122 3890 1152 3943 et
1167 3879 1278 3944 ibidem
1304 3884 1491 3942 eiboncrere
1505 3883 1603 3958 ipssm

201 3961 247 4020 iel
258 3964 324 4036 ejus
335 3958 437 4022 nuncii
448 3961 712 4040 qiidddictnnoiis
724 3963 876 4042 applicare
926 3967 1027 4026 nuiini
1055 3961 1118 4024 sive
1143 3958 1324 4025 einonersri
1347 3963 1445 4022 locere
1461 3959 1603 4023 omnibus

199 4038 307 4127 debent
329 4041 367 4101 ed
391 4039 523 4118 oliqiinm
548 4041 675 4105 insulem
690 4046 735 4106 iel
753 4051 874 4121 portum
925 4045 1016 4106 relius
1028 4040 1244 4119 pertinentibus
1256 4039 1527 4118 dictoropietgeiiti
1537 4057 1604 4117 siis,

201 4119 874 4198 iieleliumlooum‚pioliebendoconsilioiel
926 4131 959 4185 ut
980 4121 1095 4184 dictum
1120 4128 1182 4193 este
1204 4127 1234 4182 et
1255 4127 1324 4198 post
1346 4122 1490 4195 modum,
1514 4120 1605 4184 licent

200 4205 375 4276 expectere,
397 4203 479 4277 quod
503 4203 573 4262 illito
592 4220 662 4263 cuin
678 4201 727 4264 ilie
746 4207 814 4266 nevi
833 4203 876 4268 ire
925 4205 1011 4265 nobis
1025 4206 1050 4264 si
1065 4202 1228 4280 luerimtis,
1250 4205 1296 4264 iel
1320 4199 1377 4262 illis
1399 4197 1451 4278 qui
1478 4199 1603 4262 indicte

201 4281 367 4366 teneamur²
380 4281 405 4339 si
426 4277 582 4356 fuerimus,
592 4288 621 4343 et
635 4283 678 4344 llli
688 4280 739 4360 qiii
753 4281 783 4344 iii
798 4285 876 4346 ciete
926 4280 994 4346 nsii
1008 4280 1131 4358 luerint,
1148 4287 1181 4342 ut
1193 4283 1315 4343 demdin
1325 4281 1601 4366 quoeispleoueril,

201 4372 277 4416 nuic
291 4359 402 4418 luerint
419 4357 461 4421 iro
485 4366 641 4422 teneantur
659 4367 688 4425 et
708 4359 750 4424 ibi
764 4380 876 4440 expec-
924 4361 987 4424 siro
1002 4359 1151 4425 voluerint
1166 4365 1195 4422 et
1216 4361 1301 4421 nobis
1322 4363 1368 4422 iol
1390 4357 1433 4421 eis
1456 4361 1604 4436 placuerit

201 4441 263 4496 tero
274 4459 282 4513 3
295 4441 325 4497 et
338 4435 362 4496 si
379 4454 498 4501 necesse
514 4442 602 4502 luerit
614 4439 725 4502 ibidem
740 4439 876 4506 similiter
924 4438 1141 4518 isticquonin
1155 4439 1301 4516 ipsisne
1317 4437 1360 4499 ire
1376 4445 1603 4500 conteneantur

198 4512 377 4577 discorionre
389 4534 435 4581 res
446 4523 476 4580 et
489 4537 583 4597 equos
594 4538 654 4598 quo
667 4523 796 4584 ei‘untin
812 4521 876 4600 ipsl
925 4537 979 4582 nos
993 4522 1039 4583 iel
1055 4523 1129 4581 ulter
1143 4523 1278 4580 nostrum
1293 4519 1348 4578 nisi
1363 4513 1449 4577 nobis
1459 4518 1504 4578 vel
1517 4515 1602 4576 elteri

200 4591 282 4670 nuri,
292 4598 437 4658 etiterum
447 4594 579 4675 ipsoeres
590 4604 875 4677 etequos'reduccre
924 4603 1073 4690 nostruin,
1089 4601 1233 4675 placeret,
1249 4613 1303 4658 seii
1318 4599 1467 4672 possiuii'is
1489 4591 1602 4656 ibidem

199 4689 251 4732 seu
275 4677 377 4762 reduci
405 4679 503 4742 lacere
532 4677 561 4742 in
587 4677 651 4756 ipsl
673 4677 761 4751 neti,
792 4683 876 4746 solio
924 4677 1016 4740 oliuni
1038 4681 1233 4739 sufficientem
1260 4673 1441 4738 constituere
1460 4677 1527 4738 loco
1545 4692 1602 4736 iio-

198 4755 282 4828 quod
305 4755 528 4832 intelligaturut
543 4765 697 4820 teneamur
712 4757 808 4822 dictos
827 4778 874 4822 res
923 4763 1029 4820 stidin.
1192 4830 1199 4844 ι
1287 4830 1294 4844 ι
1491 4829 1532 4844 ..

198 4837 229 4918 et
241 4849 335 4910 equos
348 4835 486 4898 lioneriiri
498 4844 528 4900 et
540 4837 716 4902 exlioneiori
731 4857 827 4918 usque
837 4841 875 4902 od
964 4837 1101 4899 Prodictn
1117 4849 1217 4896 omnio
1231 4839 1260 4895 et
1270 4833 1386 4909 singulo
1400 4837 1602 4922 promittimus

198 4927 295 4987 ripeni
310 4931 363 4975 seii
378 4917 460 4978 littus
474 4915 575 4980 meris.
925 4914 1007 4979 iobis
1020 4911 1107 4976 dictis
1127 4911 1370 4974 cmbniioloribus
1391 4913 1603 4990 stipulantibus

238 4989 268 5051 Si
292 4995 367 5086 rorte
393 4999 551 5073 contigerit
575 4999 688 5059 dlctum
719 5000 874 5088 dominum
925 4992 1047 5058 nomine
1071 4991 1144 5054 dicti
1171 4989 1287 5055 domini
1308 4993 1403 5083 regis,
1427 4995 1600 5083 attendere,

199 5079 875 5234 illlettltlllttl‘tlllliltll
923 5074 1602 5234 ltttlttillltllltit'ltltlttet:
