3914 6046
376 657 415 721 n
601 609 970 721 ucmrnusssnuns
989 657 1068 721 sua
1087 659 1138 721 m
1159 643 1304 723 nonus
1324 658 1557 751 rumonus,

376 788 451 860 Elle
471 789 545 886 prit
563 787 610 860 de
627 787 710 887 plus
732 787 995 886 l’engagement
1015 787 1062 862 de
1079 813 1206 888 nepas
1225 814 1263 861 se
1283 792 1416 862 marier
1435 815 1517 864 sans
1536 789 1570 862 le
1589 804 1781 864 consente-

376 930 478 1007 ment
492 914 538 985 de
553 939 618 984 son
634 913 740 984 oncle
752 913 898 988 Charles
912 918 958 987 11.
974 913 1063 1011 De'ja
1077 913 1144 986 elle
1156 916 1253 987 avait
1266 912 1321 987 e'te
1334 913 1553 988 recherchde
1566 941 1632 1016 par
1642 916 1781 989 Andro-

377 1039 439 1110 nio
453 1037 666 1134 Paleologue
679 1063 776 1140 pour
795 1063 860 1110 son
877 1037 934 1110 fils
950 1037 1106 1110 Michel¹
1128 1055 1165 1111 et
1177 1064 1244 1140 par
1259 1039 1293 1110 le
1306 1065 1400 1139 pape
1415 1064 1510 1138 pour
1526 1039 1709 1131 Frdderic,
1726 1041 1781 1114 roi

377 1163 424 1234 de
445 1161 562 1234 Sicile.
586 1161 731 1234 Arrivee
746 1186 793 1234 en
814 1165 964 1254 France,
984 1161 1051 1234 elle
1071 1190 1093 1262 y
1114 1178 1246 1236 trouva
1266 1163 1312 1236 de
1330 1149 1515 1237 nouvelles
1531 1161 1782 1238 sollicitations

376 1287 424 1360 de
443 1289 611 1383 mariage.
629 1291 687 1360 On
705 1301 835 1358 trouve
850 1285 943 1359 dans
959 1287 993 1359 le
1006 1303 1133 1360 carton
1156 1293 1187 1360 J.
1206 1286 1295 1387 509,
1316 1301 1358 1360 n⁰
1376 1311 1432 1381 11,
1449 1312 1521 1362 aux
1540 1287 1711 1362 Archives
1731 1289 1783 1362 du
1844 1279 1847 1284 ¹

378 1438 562 1512 royaume,
583 1437 656 1486 uue
668 1409 770 1510 pisce
782 1413 847 1510 qui
868 1437 1009 1511 prouve
1022 1413 1133 1511 qu’en
1150 1412 1223 1485 l'an
1242 1417 1334 1513 1298
1347 1412 1411 1486 des
1428 1412 1785 1514 ndgociationspour

378 1563 445 1612 son
467 1540 625 1636 mariage
640 1562 726 1610 avec
743 1542 914 1636 lacques,
933 1535 989 1610 fils
1006 1535 1088 1609 alne
1106 1537 1157 1609 du
1177 1539 1232 1610 roi
1252 1535 1300 1612 de
1315 1537 1517 1636 Majorque,
1538 1535 1672 1611 etaient
1689 1562 1785 1612 assez

378 1661 564 1736 avancees.
583 1661 688 1735 Voici
701 1677 795 1734 cette
810 1659 914 1761 piece
929 1689 939 1732 ε

427 1818 445 1854 α
457 1789 516 1860 Hii
530 1802 614 1859 sunt
625 1785 768 1858 articuli
782 1786 846 1884 qui
858 1803 1062 1886 sequuntur
1074 1787 1287 1861 concordati
1300 1789 1396 1858 inter
1406 1799 1527 1887 partes
1540 1787 1785 1886 infrascriptas

379 1937 490 2012 super
509 1913 784 1982 matrimonium
803 1912 905 2010 quod
929 1928 1105 1986 tractatur
1121 1914 1216 1985 inter
1232 1909 1425 1984 dominum
1438 1909 1621 2001 Iacobum,
1644 1912 1785 2010 primo·

380 2037 544 2134 genitum
562 2035 710 2109 illustris
728 2037 820 2131 regis
832 2036 1106 2134 Majoricarum,
1122 2051 1160 2110 et
1172 2034 1349 2109 illustrem
1363 2033 1553 2109 dominam
1564 2038 1784 2126 Katerinam,

380 2163 647 2262 imperatricem
660 2161 1100 2262 Constantinopolitanam
1120 2177 1156 2234 et
1171 2162 1360 2236 dominam
1375 2161 1421 2236 dc
1436 2165 1653 2261 Cortenay0.

429 2315 447 2352 α
461 2285 583 2359 Primo
599 2301 634 2358 et
651 2285 915 2386 principaliter,
934 2286 1036 2383 quod
1052 2287 1269 2388 impetratur
1285 2286 1506 2382 dispensatio
1522 2286 1625 2360 Sedis
1638 2292 1786 2384 Aposto-

381 2409 450 2482 lice
473 2411 569 2482 inter
588 2408 729 2483 dictum
744 2407 939 2482 dominum
957 2410 1135 2483 iacobum
1151 2425 1187 2482 et
1206 2409 1340 2483 dictam
1354 2409 1544 2484 dominam
1559 2411 1605 2486 dc
1626 2437 1787 2510 quorum

383 2537 661 2608 matrimonium
678 2537 807 2632 agitur.

430 2691 448 2726 α
465 2665 575 2750 Item,
588 2659 691 2757 quod
712 2658 876 2750 demum,
894 2659 1045 2732 obtenu
1061 2658 1336 2760 dispensacione
1348 2659 1526 2758 predicat,
1546 2661 1789 2734 constituetur

382 2807 449 2883 per
474 2784 615 2855 dictum
637 2807 757 2880 regem
782 2781 997 2856 dotalicium
1019 2782 1137 2857 eidem
1158 2783 1308 2856 domine
1331 2783 1465 2874 8ο,οοο
1487 2783 1552 2856 lib.
1581 2799 1653 2855 tur.
1673 2783 1789 2856 annui

383 2907 548 2982 redditus
560 2933 670 3006 super
682 2907 806 2980 villam
820 2909 953 2980 Montis
971 2907 1134 2980 Pesulani
1153 2924 1189 2980 ct
1205 2909 1284 3005 ejus
1299 2907 1503 2982 baroniam.

431 3063 449 3100 α
464 3039 571 3124 Item,
590 3033 691 3131 quod
711 3036 741 3105 si
762 3033 882 3106 dictus
895 3034 1158 3132 primogenitus
1180 3035 1388 3133 supervivat
1400 3036 1495 3133 patri
1513 3057 1596 3123 suc,
1619 3031 1792 3106 succedat

331 3245 334 3252 ¹
383 3159 417 3232 ei
439 3159 532 3232 sicut
554 3158 819 3256 primogenitus
838 3172 874 3230 et
889 3155 997 3230 heres
1015 3155 1226 3256 principalis
1241 3159 1279 3232 in
1301 3182 1413 3254 regno
1430 3159 1686 3255 Majoricarum
1704 3182 1790 3230 cum

384 3284 458 3355 suis
480 3281 625 3372 insulis,
653 3279 887 3354 comitatibus
907 3281 1085 3354 Ceritanie
1107 3296 1143 3354 et
1167 3281 1396 3370 llossilionis,
1424 3297 1460 3354 et
1478 3281 1632 3354 baronia
1658 3282 1792 3355 Montis
1895 3351 1901 3366 ,

384 3406 566 3497 Pesulani,
588 3407 684 3479 salva
701 3407 910 3506 provisione
924 3405 1080 3479 aliorum
1095 3404 1309 3479 liberorum.

433 3557 450 3597 α
473 3535 582 3622 ltem,
595 3531 695 3630 quod
714 3533 743 3604 si
762 3527 856 3604 sorte
874 3531 974 3604 dicto
988 3531 1083 3630 patri
1100 3529 1292 3629 eidemque
1307 3531 1381 3628 regi
1394 3529 1514 3604 dictus
1527 3531 1792 3629 primogenitus

386 3655 625 3754 predecedat,
646 3653 779 3728 relictis
799 3654 923 3727 liberis
943 3681 986 3726 ex
1005 3654 1106 3727 dicto
1127 3655 1363 3727 matrimonio
1381 3653 1523 3726 filiabus
1545 3659 1616 3726 unl
1632 3653 1689 3726 vel
1707 3652 1791 3752 plu-

387 3778 488 3850 ribus
503 3779 581 3849 sine
597 3778 784 3870 masculis,
805 3777 925 3849 dictus
945 3776 1118 3848 dominus
1134 3801 1196 3847 rex
1217 3775 1274 3848 vel
1297 3777 1375 3874 ejus
1394 3802 1577 3852 successor
1600 3791 1793 3852 teneantur

386 3900 580 3999 providere
597 3901 795 3997 unicuique
810 3899 969 3972 filiarum
987 3899 1138 3971 istarum
1157 3899 1194 3970 in
1215 3924 1343 3988 ro,ooo
1357 3899 1420 3971 lib.
1440 3915 1510 3972 tur.
1529 3925 1740 4001 parvorum.

437 4054 454 4090 s
476 4029 585 4114 Item,
615 4023 717 4122 quod
746 4023 775 4094 si
798 4018 891 4094 forte
914 4022 1033 4093 dictus
1055 4023 1319 4122 primogenitus
1344 4025 1440 4121 patri
1464 4049 1531 4096 suo
1553 4021 1791 4124 predecedat,

388 4147 523 4220 relictis
543 4172 585 4218 cx
606 4146 706 4220 dicto
718 4146 953 4218 matrimonio
972 4144 1097 4219 liberis
1115 4145 1322 4222 masculinis
1342 4171 1419 4220 uno
1432 4147 1489 4220 vel
1508 4145 1691 4250 pluribus,
1708 4145 1794 4220 solis

386 4417 611 4489 scruntcxpresst,
619 4420 720 4485 atquod
730 4419 798 4470 dtctc
807 4419 891 4470 tttterc
899 4419 935 4470 stc
942 4417 1072 4482 pubttcatc
1112 4418 1263 4480 promittens
1277 4417 1345 4467 bont
1357 4415 1408 4467 fide
1418 4415 1487 4468 dicta
1500 4415 1637 4480 orlgtnalta
1653 4428 1679 4468 se
1690 4415 1792 4466 reatitu-

387 4515 414 4561 et
425 4523 472 4574 pro
484 4509 621 4573 punttcatts
636 4508 723 4560 habtte
736 4513 762 4558 et
781 4509 807 4560 tn
821 4507 932 4558 formam
941 4503 1071 4572 punitum
1113 4519 1171 4556 rum
1182 4510 1208 4555 et
1221 4504 1383 4556 reddtturum
1394 4505 1520 4570 predicto.

388 4600 491 4650 redacto
508 4601 585 4650 fldem
600 4599 700 4649 lactant
713 4603 803 4648 contra
819 4609 917 4655 omnes,
930 4602 955 4647 et
974 4597 1072 4660 specta·
1143 4593 1364 4656 mutuamina
1379 4593 1479 4644 ensuite
1497 4589 1544 4655 (su
1560 4589 1628 4654 1294)
1640 4589 1729 4648 staria.
1745 4602 1792 4652 ap·

388 4691 447 4740 liter
458 4696 547 4740 contra
558 4694 799 4740 eosetsucoessores
812 4699 871 4738 suos
883 4691 910 4738 at
920 4685 1007 4737 corlm
1020 4687 1070 4737 ha·
1112 4683 1182 4746 perte
1197 4683 1265 4732 aussi
1277 4685 1352 4731 Anne
1362 4685 1388 4733 ct
1397 4681 1476 4743 meta,
1490 4685 1517 4731 et
1527 4681 1620 4743 partes
1630 4681 1708 4729 Grecs
1719 4675 1793 4728 Irene

387 4777 510 4830 bentcset
519 4778 651 4827 habituros
661 4775 739 4827 abeis
745 4777 871 4839 quantum
882 4775 964 4837 ungu
972 4775 1071 4824 litteras
1112 4775 1137 4821 ct
1148 4769 1229 4828 xauc,
1242 4769 1296 4821 fille
1306 4769 1338 4820 da
1351 4769 1429 4820 Ltvon
1443 4772 1466 4821 11
1478 4773 1503 4820 et
1516 4781 1584 4820 soeur
1594 4765 1698 4819 d'attou
1710 4769 1743 4827 11,
1754 4767 1794 4818 rot

388 4867 532 4920 autedtctas
545 4905 552 4928 ,
567 4865 675 4932 perinte
687 4880 717 4919 ac
737 4869 758 4918 st
776 4867 830 4932 tpsa
842 4866 980 4930 origtmtta
999 4864 1072 4915 extit-
1112 4857 1278 4915 durarem,
1296 4858 1328 4909 de
1345 4859 1370 4908 ta
1389 4855 1487 4908 tamilla
1503 4855 1550 4907 das
1565 4856 1667 4920 prtucas
1684 4855 1793 4922 nuptus.

388 4959 443 5009 bert
462 4957 623 5022 conttngeret
638 4970 668 5009 ac
690 4957 807 5022 product.
821 4955 1011 5018 confessusque
1023 4953 1072 5002 tutt
1112 4947 1214 5010 (vovet,
1236 4947 1390 5011 priminas
1408 4947 1528 4998 tabteaux
1543 4944 1751 5009 stannoque,
1771 4945 1795 4997 la

389 5049 472 5100 dtctus
483 5051 603 5112 princeps
617 5048 704 5099 coram
717 5047 808 5104 nobts,
822 5059 849 5097 se
860 5045 874 5096 l
887 5045 1004 5108 predicto
1016 5055 1071 5104 ger·
1110 5036 1260 5099 genealogo
1274 5035 1319 5086 des
1329 5035 1381 5086 τοίς
1394 5031 1541 5084 d'nrmtntc
1553 5032 1586 5084 dc
1597 5033 1622 5084 la
1634 5031 1735 5085 tamttte
1749 5031 1796 5082 des

390 5151 468 5190 mano
484 5143 571 5190 nostro
592 5139 705 5200 scaelus
722 5136 845 5187 mandato
861 5135 999 5197 ortgtmtta
1013 5145 1072 5195 pre·
1112 5128 1209 5192 nuptis
1229 5131 1255 5178 et
1275 5125 1307 5178 dc
1328 5125 1353 5177 ta
1375 5125 1474 5176 tamtlte
1493 5123 1538 5175 des
1557 5125 1701 5188 Lustrum,
1726 5123 1795 5176 traua

389 5226 517 5286 dicturum
530 5227 673 5280 litterarum
687 5227 811 5287 recepisse
820 5230 845 5275 ct
855 5225 932 5275 ettam
943 5223 1070 5284 habutssu
1112 5219 1257 5278 d'tsabeau,
1270 5230 1337 5269 soeur
1348 5216 1380 5267 da
1392 5216 1463 5266 tttcta
1475 5227 1510 5265 ou
1522 5213 1615 5276 treus.)
