3914 6046
695 673 1016 739 turnouucrtott.
1511 678 1552 737 39

208 838 225 876 a
240 807 417 882 Volumus
432 807 579 904 insuper
597 820 633 876 et
646 807 879 878 concedimus
894 805 1013 904 quhd,
1027 802 1227 877 secundum
1242 801 1342 900 quhd
1359 817 1452 876 terra
1464 803 1552 876 dicti

164 935 305 1034 imperii
328 933 559 1029 acquiretur,
589 931 772 1029 predictus
795 957 857 1004 rex
878 911 1019 1029 semper
1046 931 1196 1029 recipiat
1225 945 1396 1036 quartam¹
1414 945 1552 1027 partem

166 1077 255 1132 terre
270 1059 459 1155 acquisite,
476 1055 581 1128 salvis
598 1081 738 1153 semper
759 1033 1063 1128 conventionibus
1083 1071 1119 1127 et
1136 1054 1411 1127 condicionibus
1428 1079 1552 1151 supra·

162 1184 282 1268 dictis,
303 1182 352 1254 itis
372 1181 540 1254 videlicet
559 1182 660 1279 quhd
680 1207 773 1254 unus
797 1181 901 1253 miles
923 1206 1033 1278 quem
1055 1179 1193 1252 adhoc
1218 1178 1494 1275 assignabimus,
1519 1193 1555 1248 ct

162 1307 249 1378 alius
270 1331 381 1403 quem
401 1305 561 1402 prelatus
587 1331 649 1376 rex
670 1305 879 1401 assignabit,
906 1302 1003 1375 honri
1028 1302 1099 1374 fide
1124 1319 1159 1394 et
1181 1305 1331 1401 prestito
1348 1303 1554 1398 juramento

163 1434 394 1528 assignabunt
411 1431 480 1503 sibi
504 1447 671 1530 quartam
689 1448 848 1529 partem,
871 1430 944 1503 tiam
965 1432 1002 1500 in
1023 1430 1136 1502 leodis
1155 1445 1192 1502 et
1214 1429 1424 1502 retroleodis
1444 1427 1553 1524 quim

165 1563 200 1632 in
216 1560 389 1631 dominiis
406 1576 442 1632 et
462 1560 570 1631 rebus
586 1557 674 1631 aliis.
698 1559 736 1630 si
755 1559 842 1630 verb
864 1573 980 1629 totum
998 1557 1191 1654 imperium
1208 1556 1264 1627 vel
1287 1555 1407 1653 aliqua
1426 1580 1556 1650 magna

167 1709 243 1782 pars
257 1685 370 1782 ipsius
383 1684 609 1780 acquiratur,
625 1706 703 1773 nos,
720 1683 764 1754 ad
784 1683 1056 1779 requisitionem
1073 1680 1161 1752 dicti
1177 1681 1268 1774 regis
1283 1695 1346 1750 aut
1360 1679 1436 1774 ejus
1450 1679 1556 1749 here-

165 1810 265 1900 dum,
282 1809 490 1881 tenebimur
509 1809 625 1880 lacere
639 1823 797 1906 quatuor
812 1821 930 1905 partes
943 1806 989 1876 de
1003 1809 1078 1877 tota
1096 1805 1155 1874 illa
1168 1805 1423 1900 acquisitione,
1440 1819 1475 1874 et
1487 1827 1556 1900 pro

164 1925 305 2006 honore
318 1936 430 2032 ipsius
448 1935 539 2029 regis
554 1932 723 2005 volumus
736 1947 772 2003 et
785 1931 1017 2004 concedimus
1033 1929 1133 2028 qubd
1151 1903 1226 2027 ipse
1240 1928 1345 2024 eligat
1358 1943 1393 1999 et
1405 1929 1557 2026 accipiat
1670 2009 1677 2022 .

163 2059 264 2130 illam
283 2073 421 2155 partem
446 2082 556 2154 quam
580 2056 649 2128 sibi
674 2055 870 2155 placuerit,
902 2048 1006 2126 saluis
1028 2077 1170 2150 semper
1184 2033 1498 2123 convencionibus
1522 2065 1559 2122 et

168 2183 452 2256 condicionibus
470 2182 672 2254 antedictis.
1146 2163 1148 2168 ¹

206 2339 224 2373 u
243 2306 420 2378 Volumus
434 2322 468 2378 et
481 2305 716 2378 concedimus
726 2306 834 2377 ctiam
851 2301 951 2400 quhd
969 2301 1132 2400 predicta
1145 2303 1269 2372 omnia
1285 2315 1404 2372 teneat
1421 2316 1457 2372 et
1473 2325 1558 2399 pos·

164 2430 274 2502 sideat
297 2427 429 2519 liberti,
452 2455 536 2502 cum
557 2431 658 2500 omni
677 2428 842 2500 dominio
867 2441 903 2498 et
922 2427 1064 2523 justicia
1085 2451 1156 2522 que
1176 2424 1351 2498 habemus
1368 2440 1403 2496 et
1424 2424 1559 2497 hahere

165 2555 338 2626 debemus
352 2555 389 2626 in
408 2571 599 2653 parteque
622 2553 727 2626 n‘obis
743 2553 850 2624 debet
870 2577 1070 2624 remanere.
1086 2557 1159 2622 Nec
1183 2552 1326 2623 racione
1346 2549 1557 2647 hujusmodi

165 2677 377 2750 donationis·
389 2704 449 2750 rex
468 2681 544 2776 ipsc
565 2678 746 2753 tenebitur
761 2677 868 2749 nobis
886 2676 943 2748 vel
962 2675 1158 2748 heredibus
1177 2676 1309 2747 nostris
1327 2691 1390 2746 aut
1407 2677 1560 2773 imperio

167 2791 340 2875 Romania
357 2803 402 2875 ad
416 2803 563 2902 aliquod
580 2805 786 2896 servicium,
805 2803 872 2874 nisi
890 2801 1068 2899 quantum
1083 2801 1152 2873 sibi
1170 2797 1367 2900 spontanee
1384 2800 1561 2899 placuerit

166 2927 265 3024 quod
276 2926 342 2998 dih
353 2949 500 2998 manere
511 2926 666 2998 voluerit
680 2929 716 2998 in
732 2929 825 2999 terra
837 2927 924 2998 dicti
937 2927 1090 3023 imp'erii.
1106 2925 1198 2996 Cirm
1211 2941 1333 2996 autem
1343 2950 1428 2996 eum
1437 2923 1563 2997 absen-

168 3065 238 3122 tem
248 3075 324 3122 esse
336 3051 540 3146 contigerit,
556 3049 749 3139 tenebitur,
762 3065 796 3122 et
807 3047 955 3121 heredes
964 3051 1031 3139 sui,
1041 3073 1108 3146 pro
1119 3048 1341 3146 quibuslibet
1353 3051 1563 3148 iperperatis

169 3175 263 3247 mille
275 3193 386 3265 terre,
399 3169 688 3249 ad'communem
698 3178 965 3248 extimationem
976 3178 1151 3248 Romania
1162 3201 1225 3248 seu
1241 3177 1395 3248 Romani
1408 3175 1563 3272 imperii,

169 3327 254 3398 quas
268 3302 321 3373 ibi
333 3301 537 3392 habebunt,
554 3319 676 3374 tenere
693 3301 840 3392 ibidem,
854 3327 922 3401 pro
937 3303 1146 3375 defensione
1163 3317 1267 3392 terre,
1282 3325 1398 3373 unum
1411 3299 1564 3372 militem

170 3423 219 3495 rel
238 3425 317 3516 duo
339 3425 552 3498 ballistarios
575 3429 732 3524 equites,
753 3424 1274 3498 secundumconsuetudinem
1295 3424 1384 3495 dicti
1406 3393 1562 3521 imperii.

178 3553 250 3621 Post
264 3549 453 3622 decessum
464 3551 551 3624 verb
568 3552 678 3649 ipsius
691 3552 797 3645 regis,
814 3549 1034 3620 tenebuntur
1048 3546 1196 3620 heredes
1209 3551 1264 3618 sui
1278 3547 1394 3618 lacere
1406 3547 1513 3618 nohis
1530 3562 1566 3624 et

174 3673 365 3748 heredibus
380 3679 509 3748 nostris
522 3676 730 3772 homagium
744 3675 881 3771 ligium,
895 3674 944 3746 'ad
960 3700 1044 3745 usus
1059 3688 1095 3746 et
1113 3671 1566 3770 consuetudines-imperii,

170 3815 201 3870 et
220 3801 417 3872 servicium
434 3799 479 3872 de
493 3801 666 3872 militibus
681 3817 715 3872 et
732 3799 934 3873 ballistariis
951 3813 1060 3896 prout
1072 3796 1236 3897 superius
1250 3811 1302 3868 est
1319 3821 1538 3894 expressum.

215 3955 233 3990 κ
251 3927 501 3998 Promittimus
525 3927 633 3997 etiam
655 3925 755 4023 qubd
774 3950 840 3996 nos
852 3923 949 3997 bona
968 3924 1040 3996 fide
1055 3923 1195 3996 dictum
1218 3947 1335 4018 regem
1357 3922 1567 4019 juvabimus

168 4049 204 4120 in
228 4049 434 4119 retentione
450 4063 485 4120 et
501 4051 774 4120 conservatione
799 4064 927 4146 quarte
950 4073 1013 4119 sue
1035 4050 1147 4146 partis
1173 4047 1335 4146 predicte
1363 4046 1568 4146 sumptibus

168 4172 328 4268 propriis
347 4186 474 4244 contra
492 4196 616 4244 omnes
636 4187 671 4244 et
690 4172 889 4270 specialiter
908 4187 1035 4243 contra
1055 4171 1221 4242 inimicos
1238 4170 1323 4242 lidei
1337 4169 1540 4243 christiane.

217 4325 237 4360 α
259 4300 302 4366 Et
320 4295 366 4367 ad
387 4295 456 4367 hec
476 4298 599 4367 omnia
622 4309 658 4368 et
677 4295 814 4392 singula
834 4295 1039 4393 supradicta
1058 4294 1250 4385 servanda,
1278 4293 1479 4391 obligamus
1501 4319 1568 4366 nos

169 4436 202 4491 et
222 4421 471 4516 promittimus
485 4446 552 4492 nos
565 4420 661 4492 bona
677 4420 749 4492 fide
763 4445 804 4492 ea
818 4421 1011 4519 complere,
1029 4435 1152 4493 tenere
1169 4435 1204 4492 et
1217 4419 1419 4510 observare,
1438 4420 1468 4490 si
1484 4444 1564 4518 pre·

172 4544 295 4617 dictus
313 4570 371 4616 rex
390 4545 456 4618 Th.
475 4545 710 4644 personaliter
725 4543 874 4617 accedat
889 4545 927 4616 in
943 4549 1036 4617 terrai
1054 4546 1195 4644 imperii
1212 4546 1414 4616 memorati.

216 4700 237 4738 α
254 4676 298 4742 Εῑ
320 4673 468 4770 insuper
483 4671 692 4770 'obligamus
713 4697 780 4743 nos
804 4687 840 4742 et
859 4673 1107 4770 promittimus
1127 4672 1241 4769 quod,
1267 4670 1451 4769 Philippus
1473 4669 1570 4744 filius

168 4809 295 4866 noster
313 4795 518 4893 supradicta
535 4797 659 4868 omnia
675 4809 710 4866 et
728 4794 882 4890 singula,
900 4795 1100 4868 secundum
1118 4795 1351 4866 condiciones
1368 4798 1566 4893 premissas,

169 4918 350 5010 laudabit,
363 4919 539 4992 concedet
552 4935 587 4991 et
600 4919 814 5016 acceptabit,
827 4918 920 4991 etde
933 4943 1006 4990 non
1023 4917 1202 4990 veniendo
1215 4934 1342 4992 contra
1356 4946 1392 4993 se
1404 4919 1570 5017 legitimis

169 5045 247 5115 suis
260 5045 469 5142 patentibus
483 5044 608 5116 litteris
622 5043 808 5140 obligabit.

222 5201 241 5235 α
257 5177 296 5243 ln
323 5173 427 5269 cujus
452 5174 503 5244 rei
526 5175 793 5262 testimonium,
817 5172 952 5244 litteras
973 5189 1111 5246 nostras
1135 5174 1300 5247 dedimus
1322 5171 1420 5246 bulla
1448 5174 1569 5243 nostrat
