3928 6044
370 629 430 689 ssu
596 604 961 688 icnrnussunnus
981 624 1060 687 sun
1082 625 1131 686 tr
1151 603 1295 686 rronuu
1310 623 1550 714 wrunucursn.

372 757 465 830 dens
481 756 515 827 ln
529 759 646 827 meme
661 754 795 828 familie
801 808 811 846 ,
825 757 1028 855 puisqueje
1041 771 1210 828 retrouve
1224 754 1258 826 le
1275 756 1442 850 seigneur
1453 755 1500 827 dc
1514 753 1700 853 Ceiavryte
1713 757 1771 828 in·

372 881 483 981 diqud
497 905 641 952 connne
662 878 885 952 descendant
899 881 945 953 de
955 882 989 954 la
1001 880 1136 969 sumille
1145 880 1191 952 de
1208 881 1365 952 Tournai
1377 880 1468 952 dans
1484 878 1636 952 l'nrticle
1658 884 1769 952 XLlli

370 1006 433 1078 des
447 1008 569 1077 assises
588 1003 759 1077 d'Acha'r'e
774 1003 783 1044 ¹
805 1020 841 1076 et
857 1029 1001 1076 comme
1020 1004 1217 1103 posse'dent
1238 1029 1310 1076 une
1324 1001 1387 1075 des
1401 1002 1517 1074 douze
1536 1003 1689 1099 grandes
1706 1002 1771 1076 ba·

370 1132 517 1214 ronnies
532 1155 580 1202 ou
598 1131 729 1229 pairies
744 1130 937 1224 franceises
950 1130 996 1201 de
1014 1129 1148 1202 Morde.

421 1261 470 1327 Le
493 1257 685 1352 Chronique
696 1253 740 1324 de
757 1256 872 1324 Morc'e
885 1270 937 1325 est
955 1253 987 1325 ie
1000 1254 1076 1326 seul
1091 1269 1307 1326 monument
1320 1255 1384 1350 qui
1404 1278 1498 1325 nous
1514 1253 1693 1325 fournisse
1706 1253 1771 1325 des

370 1377 589 1450 indications
602 1403 665 1448 sur
681 1401 719 1448 sa
736 1375 997 1450 descendauce.
1010 1383 1066 1450 On
1086 1403 1108 1474 y
1129 1393 1258 1448 trouve
1274 1401 1325 1448 un
1342 1381 1429 1448 Jeen
1448 1375 1495 1447 de
1507 1377 1665 1450 Tournei
1678 1373 1694 1414 ⁸
1708 1400 1768 1448 ac·

370 1515 615 1600 compugnant
639 1501 673 1571 le
701 1501 828 1598 prince
858 1499 1063 1572 Guillaurnc
1085 1500 1131 1573 de
1161 1499 1290 1598 Naples
1314 1523 1411 1598 pour
1435 1500 1597 1572 secourir
1623 1497 1770 1571 Charles

369 1623 523 1720 d’iinjcu
548 1638 676 1694 contre
694 1622 878 1694 Conrndin
900 1623 1067 1696 en1268.
1087 1623 1115 1694 tt
1129 1628 1247 1721 paruit
1265 1625 1364 1712 titre,
1384 1620 1525 1721 d’apres
1544 1620 1680 1693 l'ordre
1706 1621 1771 1694 des

369 1748 485 1838 dates,
504 1745 537 1819 le
552 1746 607 1818 fris
621 1747 671 1818 du
682 1749 840 1845 premier
858 1747 1103 1845 conque'rant,
1120 1748 1233 1820 Raoul
1248 1747 1294 1819 de
1307 1749 1477 1820 Tournei.

418 1877 515 1944 Dens
536 1895 607 1943 une
627 1887 730 1944 autre
751 1877 919 1944 occasion
934 1872 958 1944 il
976 1873 1046 1944 cite
1060 1899 1112 1954 un
1132 1873 1305 1970 Geoiiroy
1321 1871 1367 1944 de
1383 1874 1541 1945 Tournei
1554 1871 1569 1912 ³
1581 1873 1699 1971 parmi
1719 1871 1771 1944 les

369 1997 476 2071 heuts
493 1997 628 2070 barons
647 2000 712 2096 qui
730 1996 892 2070 uiderent
910 1997 1057 2071 Florent
1078 1997 1124 2070 de
1140 1999 1299 2072 Hainnut
1316 1999 1362 2072 de
1380 1997 1478 2072 leurs
1493 1997 1682 2073 conseilsit
1701 2021 1769 2068 son

370 2121 495 2196 entrde
512 2147 557 2196 en
575 2123 712 2218 Morio,
727 2149 773 2197 en
793 2149 896 2232 1291.

837 2413 1301 2456 -Ἐῦθθῦθῦψ-

880 2631 1087 2716 nurnine
1107 2651 1254 2718 unns.

848 3070 1022 3120 BARONNIE
1042 3072 1089 3119 DE
1107 3069 1277 3120 rtsstvs.

423 3299 511 3367 Jeau
520 3292 566 3365 de
579 3292 718 3391 Neuiily
726 3293 858 3376 obtint.
873 3295 946 3368 lors
959 3297 1011 3369 du
1023 3313 1169 3396 purtege
1182 3296 1228 3369 de
1247 3295 1350 3388 1206,
1361 3295 1396 3368 la
1411 3297 1611 3393 seigneurie
1629 3295 1674 3370 de
1689 3301 1769 3370 Pes·

370 3445 452 3504 sava
467 3445 554 3493 avec
572 3437 700 3518 quatre
715 3421 803 3513 ficis,
823 3438 858 3494 et
878 3423 912 3494 le
931 3425 1013 3495 titre
1032 3397 1078 3495 de
1092 3423 1273 3495 marecha!
1289 3421 1505 3495 here'ditaire
1520 3422 1566 3494 de
1582 3421 1617 3495 la
1630 3423 1768 3522 princi·

370 3545 478 3653 paute'
496 3544 672 3640 franceise
694 3545 740 3618 de
760 3545 919 3638 More'e⁴,
939 3549 1021 3619 titre
1039 3546 1310 3637 transmissible,
1333 3571 1477 3620 comme
1491 3535 1713 3622 l’e'tuit'uussi
1731 3572 1770 3619 sa

368 3671 579 3766 seigneurie,
596 3669 685 3742 isses
707 3671 931 3745 descendens
949 3671 1059 3746 mdles
1082 3689 1117 3744 et
1131 3672 1300 3746 femelles.
1316 3676 1416 3744 Cette
1436 3671 1573 3768 dignite'
1594 3669 1680 3746 erait
1695 3670 1768 3746 dis·

370 3795 480 3866 tincte
494 3793 541 3868 de
562 3793 723 3894 l’emploi
743 3795 790 3868 de
810 3795 991 3878 marechul
1009 3796 1194 3871 ordinaire
1218 3797 1264 3870 de
1284 3796 1319 3870 lu
1339 3797 1583 3896 principante}

416 3923 505 3989 Jean
523 3918 570 3991 de
584 3918 724 4016 Neuiliy
743 3919 875 4017 epousa
893 3919 927 3994 ln
941 3920 1013 3994 fille
1027 3923 1165 4019 unique
1179 3922 1229 3994 du
1244 3923 1410 4018 seigneur
1429 3920 1603 4009 d’Akovu‚
1620 3919 1772 3993 Gautier

369 4041 415 4117 de
437 4040 664 4134 Ronchdres,
681 4059 717 4116 et
731 4043 815 4116 n'en
835 4061 897 4117 eut
912 4045 1045 4144 qu’une
1060 4045 1133 4118 fille
1157 4048 1220 4144 qui
1238 4046 1356 4118 herita
1369 4046 1415 4119 de
1437 4071 1495 4118 ces
1511 4045 1604 4118 deux
1616 4043 1773 4140 grandes

370 4167 586 4263 seigneuries
605 4183 640 4242 et
657 4168 703 4240 de
718 4168 752 4241 la
775 4169 911 4265 dignitd
931 4169 1146 4242 hereditaire
1160 4171 1206 4242 de
1225 4169 1555 4268 grand-murdchai.
1576 4174 1676 4242 Cette
1697 4167 1772 4240 fille

370 4289 506 4389 ‹ipousa
525 4315 570 4363 en
588 4293 746 4390 premier
770 4293 926 4389 maringe
945 4293 979 4364 le
1004 4295 1170 4391 seigneur
1186 4293 1232 4365 de
1256 4295 1411 4384 Userca,
1430 4293 1571 4368 Gilbert
1590 4293 1768 4384 chcore,

369 4416 461 4489 dont
478 4416 545 4490 elle
558 4415 659 4489 n'eut
681 4417 819 4514 qu’une
834 4418 906 4496 fille
924 4421 988 4516 qui
1007 4418 1121 4491 herite
1143 4419 1205 4491 des
1225 4419 1362 4494 srefsde
1380 4422 1521 4492 Lisurea
1540 4435 1575 4491 et
1591 4417 1763 4490 d'Akovu.

370 4545 422 4612 En
450 4539 585 4614 second
609 4541 766 4639 mariage
785 4541 818 4614 la
841 4542 1198 4638 grande-marechale
1217 4543 1352 4654 e‘pouse
1370 4549 1456 4616 Jeen
1478 4543 1524 4615 de
1540 4543 1772 4626 Sciret-Omer-

401 4799 409 4827 ⁸
422 4815 433 4838 ·
509 4801 528 4848 s
540 4811 554 4847 u
569 4799 594 4848 to
606 4799 693 4861 stgnor
704 4799 736 4848 de
748 4799 882 4849 cotenus
894 4797 1048 4861 (catanus)
1065 4807 1069 4822 ·
1122 4801 1230 4857 ‘unu-3
1241 4817 1273 4850 te
1282 4813 1334 4863 μοι,
1342 4811 1409 4864 meu
1419 4814 1485 4852 uuo»
1494 4813 1600 4864 <eroso

368 4885 416 4934 che
429 4885 455 4934 io
469 4885 501 4936 de
513 4889 616 4948 Dorus!
637 4884 777 4948 (tonsuri).
792 4904 804 4930 ι
822 4883 915 4949 (votet
927 4900 991 4952 unge
1006 4891 1050 4938 tto
1136 4899 1217 4937 nattes
1227 4899 1289 4950 ἠιμ
1299 4913 1331 4938 ιω
1341 4899 1408 4948 titus
1417 4905 1511 4952 popm
1520 4900 1550 4939 nt
1559 4899 1645 4950 unt-2.
1658 4885 1695 4948 (Ρ.
1704 4885 1768 4948 tutti

368 4971 400 5023 dc
413 4973 436 5022 tn
451 4971 600 5037 curentque
609 4975 640 5024 rte
651 4973 753 5030 Mores.
765 4973 848 5037 note.)
1122 4973 1176 5026 ‘ro
1187 4989 1239 5038 use
1250 4986 1298 5034 rto
1310 4984 1333 5026 tt
1343 4988 1415 5038 suu„
1427 4991 1458 5027 su
1469 4988 1571 5028 nuc-co
1581 4985 1650 5028 urm

398 5060 454 5112 'tn
464 5045 516 5124 utet?
526 5070 575 5119 πᾶν
585 5073 723 5126 1!szpr
734 5076 764 5114 ut
773 5069 839 5122 ἄλλως
849 5075 988 5128 adnuncians.
1135 5079 1220 5128 Τωσιμ
1231 5079 1259 5127 φὴ
1267 5077 1290 5114 vi
1302 5081 1372 5128 seseq,
1383 5075 1496 5128 ‚iduh-oper
1508 5076 1530 5115 νὺ
1542 5075 1625 5127 penit!

805 5153 879 5217 (Pdssss
894 5153 960 5218 160.)
1137 5166 1165 5204 Ni
1174 5159 1215 5212 im
1227 5165 1399 5216 πμιτπηάτῆμς,
1409 5165 1431 5202 si
1442 5165 1465 5202 τὰ
1477 5166 1504 5216 ’ῃ
1515 5167 1576 5215 gessae
1589 5177 1626 5203 suu.
1644 5150 1682 5213 (Ρ.
1696 5153 1750 5214 48.)
