3928 6044
624 581 631 597 ’
677 616 814 700 nutari
833 619 1070 702 n’irrrr'russ.
1513 645 1575 710 arc

171 775 373 863 derivetur,
400 767 661 844 inducentibus
680 772 868 869 presertim
898 795 966 844 nos
996 772 1044 844 ad
1064 771 1103 844 id
1135 774 1271 846 meritis
1296 779 1495 850 eorrstantis
1515 777 1575 852 de·

171 899 331 972 sotionis
343 917 387 970 ac
401 893 487 966 fidei
507 891 582 966 uim
595 893 684 969 dicti
707 896 805 968 Nerii
820 894 930 994 quim
947 898 1016 970 viri
1034 897 1217 994 magnifici
1238 900 1372 974 Donati
1390 900 1436 972 de
1452 903 1573 976 Accia-

168 1023 283 1120 juolis
297 1021 345 1096 de
377 1019 574 1111 Florentii,
589 1017 728 1112 militis,
753 1020 907 1122 predicti
926 1023 1024 1094 Nerii
1042 1021 1171 1113 fratris,
1194 1025 1382 1122 nostrique
1412 1025 1577 1100 similiter

172 1144 368 1220 consiliarii
385 1158 420 1216 et
435 1142 551 1218 fidelis
561 1142 702 1235 dilecti,
716 1167 759 1218 ac
771 1142 985 1241 grandibus,
999 1143 1150 1218 utilibus
1164 1161 1200 1219 et
1213 1147 1408 1222 fructuosis
1420 1150 1575 1224 servitiis

173 1293 245 1364 que
269 1267 395 1344 iratres
413 1267 482 1370 ipsi
504 1265 699 1340 clarissime
717 1267 894 1342 memorie
913 1267 1066 1344 donum
1086 1270 1160 1364 regi
1181 1269 1311 1344 Carolo
1334 1273 1459 1362 tertio,
1474 1295 1576 1346 reve-

174 1393 290 1468 rendo
304 1392 458 1468 domino
469 1393 624 1489 genitori
640 1407 781 1483 nostro,
797 1391 888 1468 dum
901 1393 1049 1486 viveret,
1067 1409 1104 1466 et
1125 1394 1233 1466 nobis
1247 1395 1355 1468 etiam
1370 1395 1524 1471 fideliter
1540 1413 1577 1470 et

174 1515 311 1590 utiliter
323 1515 573 1620 prestiterunt,
588 1514 811 1590 ethactenirs
824 1540 973 1614 quoque
987 1531 1146 1618 prestare
1158 1515 1341 1592 fructuosi
1355 1541 1398 1592 ac
1413 1514 1577 1618 quotidii

174 1663 252 1716 uon
269 1638 464 1726 desistunt,
491 1637 631 1736 obque
654 1637 828 1712 instinctu
854 1641 982 1712 merita
1006 1641 1156 1712 rationis
1169 1640 1381 1716 inducimur
1399 1655 1439 1714 ut
1460 1640 1578 1714 dictos

175 1765 301 1840 iratres
314 1760 559 1838 favorabiliter
571 1776 610 1834 et
621 1759 793 1834 munifice
802 1787 1081 1864 prosequamur,
1097 1765 1188 1836 moti
1200 1789 1349 1864 quoque
1367 1765 1473 1836 certis
1489 1787 1578 1838 con·

174 1887 455 1964 siderationibus
469 1903 580 1985 atque
597 1889 725 1980 causis,
740 1887 862 1962 eidem
880 1893 1040 1978 Donato,
1055 1887 1102 1962 de
1122 1893 1219 1962 certi
1236 1891 1358 1962 nostri
1373 1889 1520 1963 scientia
1534 1915 1577 1962 ac

176 2039 260 2086 cum
270 2037 416 2086 assensu
430 2013 717 2090 reverendissimi
726 2014 764 2091 in
774 2015 917 2090 Christo
927 2017 1050 2116 patris,
1060 2013 1203 2090 domini
1213 2015 1347 2112 angeli,
1358 2013 1577 2090 titulisancti

176 2137 360 2212 Laurentii
382 2138 420 2210 in
444 2141 599 2210 Damaso
616 2139 816 2236 presbyteri
840 2137 1044 2230 cardinalis,
1066 2137 1262 2240 apostolice
1280 2134 1375 2212 sedis
1396 2137 1518 2234 legati,
1535 2161 1578 2212 ac

176 2261 386 2336 sernessime
406 2259 557 2334 domine
572 2260 721 2335 domine
745 2262 949 2358 Margarita,
963 2262 1027 2334 Dei
1041 2263 1154 2358 gratii
1177 2285 1372 2358 regnorum
1392 2260 1579 2362 predicto-

177 2401 257 2456 rum
274 2384 411 2480 regine,
424 2383 623 2462 reverende
635 2385 817 2481 genitricis
831 2401 971 2471 nostre,
990 2401 1026 2457 et
1038 2384 1220 2460 baiiorum
1241 2399 1475 2475 nostrorum,
1493 2409 1578 2483 pre·

176 2510 373 2582 sentiarum
388 2524 515 2582 tenore
525 2509 761 2582 concedimus
774 2511 890 2608 quod,
905 2512 943 2586 in
958 2535 1044 2584 casu
1061 2509 1163 2608 quod
1177 2512 1306 2600 Nerius
1325 2511 1423 2584 idem
1440 2511 1580 2608 absque

176 2631 342 2729 legitimis
356 2631 439 2708 filiis
451 2632 619 2708 masculis
628 2657 671 2706 ex
688 2657 755 2706 suo
774 2657 929 2732 corpore
942 2632 1122 2706 derelictis
1139 2633 1186 2708 ab
1201 2631 1272 2706 hac
1283 2633 1358 2708 virt
1370 2632 1579 2723 decederet,

176 2757 284 2832 etiam
296 2757 326 2830 si
338 2755 496 2854 legitime
510 2756 582 2830 filie
596 2756 729 2832 semine
743 2782 784 2832 er
796 2782 840 2830 eo
853 2769 1097 2856 superessent,
1106 2756 1268 2858 prelatus
1279 2761 1455 2848 Donatus,
1468 2755 1580 2828 irater

176 2905 278 2971 suus,
293 2879 350 2952 vel
368 2881 482 2980 ipsius
494 2881 627 2956 Donati
641 2879 708 2952 filit
722 2880 874 2977 legitimi
889 2879 1040 2956 masculi
1060 2905 1165 2954 serus
1177 2880 1241 2978 qui
1267 2893 1357 2953 tunc
1369 2877 1580 2978 superstites

177 3003 332 3092 luerint,
352 3003 455 3078 etatis
471 3017 508 3078 et
524 3002 657 3100 gradus
673 3003 769 3080 inter
791 3027 853 3078 eos
874 3005 1101 3103 prerogativa
1118 3005 1257 3078 servati
1276 3024 1319 3074 ac
1341 3003 1470 3100 majori
1489 3017 1578 3074 natu

177 3128 310 3202 minori
324 3126 480 3225 prelato,
493 3127 691 3203 succedant
710 3143 746 3202 et
765 3129 959 3202 succedere
975 3129 1132 3203 debeant
1146 3129 1265 3202 eidem
1288 3129 1398 3203 Nerio
1413 3130 1450 3201 in
1471 3129 1580 3201 dictis

177 3249 312 3324 ducatu
328 3265 364 3326 et
381 3251 526 3326 civitate
539 3251 776 3342 Athenarum,
788 3277 877 3356 'eum
895 3255 1015 3344 terris,
1029 3254 1171 3344 castris,
1183 3251 1357 3324 omnibus
1370 3251 1577 3342 ramalibus,

174 3373 318 3470 juribus
344 3388 381 3447 ct
396 3375 633 3473 pertinentiis.
657 3380 711 3448 De
730 3375 826 3450 dicia
843 3379 965 3448 nostri
979 3377 1148 3466 scientia,
1171 3391 1208 3446 et
1230 3399 1315 3448 cum
1338 3397 1517 3446 consensu
1537 3398 1580 3444 ac

177 3499 391 3572 auctoritate
401 3497 536 3594 quibus
548 3497 670 3601 supra,
687 3515 883 3596 nostreque
896 3500 1082 3600 potestatis
1094 3498 1325 3596 plenitudine.
1338 3511 1441 3595 aptos
1461 3495 1579 3568 reddi·

179 3647 281 3711 mus,
297 3621 437 3698 habiles
452 3639 488 3696 et
501 3647 670 3728 capaces,
684 3622 761 3720 lege
784 3649 846 3698 seu
873 3625 1156 3713 constitutione,
1178 3622 1463 3712 consuetudine,
1482 3621 1581 3719 capi·

179 3745 264 3816 tulis
282 3761 317 3818 et
341 3749 522 3847 rescriptis
534 3747 830 3845 quibuscumque
855 3749 1046 3822 contrariis
1060 3746 1266 3822 nullatenus
1279 3747 1477 3820 obstituris.
1494 3743 1581 3816 Filia

179 3873 267 3945 verb
286 3873 462 3973 predicte,
486 3875 515 3948 si
536 3899 609 3972 que
632 3889 723 3948 tune
739 3899 782 3946 ex
806 3874 906 3946 dicto
927 3873 1037 3946 Nerio
1052 3888 1295 3971 superessent,
1312 3872 1368 3943 vel
1391 3872 1429 3943 in
1449 3869 1581 3970 capillo

180 3999 415 4098 perstiterint,
430 4022 519 4096 quas
536 4023 691 4074 exnunc
705 3997 758 4092 (iu
774 4022 859 4073 casu
873 3997 996 4072 obitus
1010 3995 1099 4071 dicti
1114 3997 1212 4068 Ncrii
1222 3998 1299 4068 sine
1308 3995 1476 4092 legitimis
1485 4018 1581 4066 mas·

145 4163 154 4178 -
180 4123 272 4194 culis
285 4121 507 4214 decedentis,
528 4122 559 4196 si
577 4121 726 4219 quidem
742 4121 862 4196 dictus
879 4125 1043 4194 Donatus
1063 4119 1120 4196 vel
1135 4121 1212 4218 ejus
1234 4119 1385 4218 legitimi
1408 4119 1475 4191 filii
1488 4143 1581 4191 mas-

180 4248 254 4321 culi
273 4249 483 4347 superstites
501 4247 696 4345 luerint)it
722 4247 944 4348 compendio
964 4247 1060 4320 dicte
1079 4248 1315 4320 successionis
1340 4244 1580 4332 excludimus,

180 4395 247 4472 per
264 4371 406 4444 dictum
428 4376 613 4445 Donatum
633 4372 690 4444 vel
709 4373 869 4476 prefatos
882 4395 968 4445 suos
992 4371 1086 4446 filios
1099 4370 1146 4443 de
1159 4371 1308 4471 paragio
1326 4369 1485 4443 debeant
1505 4388 1582 4438 ma·

181 4495 296 4568 ritari.

232 4649 251 4684 α
266 4618 445 4694 Volumus
457 4635 580 4694 autem
597 4637 635 4694 ct
661 4620 887 4722 presentibus
903 4619 1129 4693 declaramus
1145 4617 1259 4717 quod,
1276 4633 1441 4716 tempore
1460 4614 1582 4688 obitus

181 4744 270 4816 dicti
285 4746 382 4817 Nerii
399 4747 477 4819 sine
493 4747 640 4846 prelatis
655 4745 822 4842 legitimis
836 4745 917 4818 filiis
931 4745 1118 4835 masculis,
1134 4745 1163 4816 si
1180 4741 1329 4840 quando
1349 4740 1582 4841 beneplaciti

180 4869 246 4940 Dei
267 4869 393 4960 suerit,
409 4869 633 4962 decedentis,
647 4870 807 4968 prefatus
826 4874 990 4942 Donatus
1004 4868 1061 4941 vel
1083 4868 1161 4964 ejus
1183 4865 1278 4938 silius
1299 4865 1583 4966 primogenitus,

181 5007 244 5068 aut
264 4993 497 5094 primogeniti
515 4991 611 5068 iilius
629 4997 693 5093 qui
708 5011 796 5067 tunc
809 5007 988 5093 superstes
1005 4992 1127 5083 luerit,
1141 4992 1265 5066 venire
1277 4991 1324 5064 ad
1342 5005 1503 5064 nostram
1522 5017 1584 5064 cu·

184 5118 274 5197 riam
288 5134 464 5213 teneatur,
474 5121 654 5208 etdebeat
669 5121 887 5194 denuntiare
901 5120 937 5192 in
953 5117 1079 5192 eadem
1093 5119 1190 5192 curii
1208 5117 1351 5193 obitum
1365 5117 1454 5192 dicti
1470 5116 1581 5204 Nerii,
