3846 6044
398 596 455 654 ne
618 571 983 655 nessrncrssrnens
1002 586 1081 650 son
1101 588 1150 650 ss
1170 567 1316 650 noane
1334 583 1563 678 orsaorsa.

395 722 533 798 andare
549 725 576 812 ¹,
599 721 760 794 l'armata
776 720 941 817 predetta
964 745 1067 818 prese
1078 724 1222 792 Corone
1235 743 1300 816 per
1323 720 1433 808 sorra,
1448 717 1516 790 ehe
1539 717 1569 792 si
1593 735 1720 792 tenera
1734 716 1794 819 pe'

394 847 561 922 Francesi
581 861 711 919 contro
738 846 901 942 ragione,
926 840 1060 943 perche
1074 843 1168 916 nelle
1187 843 1359 916 divisioni
1374 843 1469 918 ,fatte
1491 843 1572 916 dell’
1590 847 1732 944 impero
1753 845 1800 917 di

396 973 570 1044 Romania
586 967 622 1060 ²,
646 973 788 1042 Corone
807 968 913 1044 toceb
928 967 957 1042 a’
982 968 1191 1057 Venetiani3
1210 992 1269 1039 ma
1287 967 1302 1038 i·
1321 968 1485 1040 Franoesi
1500 967 1635 1042 vollero
1653 969 1795 1042 tenerla

397 1121 463 1194 per
476 1120 524 1166 se.
540 1125 557 1160 o

442 1224 534 1292 Sous
548 1217 690 1292 l’annee
709 1215 816 1308 1236,
833 1215 974 1288 alberio
990 1216 1203 1288 mentionne
1221 1214 1300 1288 ³un
1323 1239 1470 1288 secours
1489 1216 1653 1314 puissant
1671 1215 1801 1292 donne

396 1344 468 1415 sort
484 1340 685 1442 ltproposi
703 1347 790 1414 Jean
809 1339 855 1413 de
873 1340 1045 1430 Brienne,
1057 1363 1247 1436 empereur
1262 1337 1309 1412 de
1326 1339 1642 1438 (coeuntinople,
1653 1338 1801 1414 l’anne'e

399 1465 626 1566 precedente.

454 1621 471 1658 o
487 1587 678 1686 Postquam
690 1612 750 1660 rex
763 1584 969 1660 lohannes⁴
984 1585 1402 1684 Constantinopolitanus
1419 1587 1554 1660 vicerat
1566 1585 1680 1660 multa
1697 1585 1797 1660 bella

398 1722 599 1789 Grecorum
624 1728 659 1783 et
678 1710 831 1784 aliarum
851 1711 1016 1806 gentium
1032 1734 1099 1809 per
1117 1709 1328 1800 circuitum,
1349 1709 1623 1804 Walstacbius⁶
1645 1726 1680 1783 et
1702 1710 1801 1784 Alsa·

397 1866 468 1914 nus
480 1839 510 1930 ⁶,
528 1838 604 1911 duo
623 1863 721 1933 reges
740 1837 980 1936 potentissimi
997 1835 1181 1932 quierant
1198 1835 1353 1908 invicem
1369 1835 1582 1926 adversarii,
1602 1835 1693 1908 facti
1707 1861 1801 1935 pace

397 1968 492 2038 inter
513 1989 567 2054 se,
583 1961 631 2034 ita
650 1960 753 2059 quod
774 1960 870 2032 filius
889 1958 1071 2032 Vastaehii
1091 1958 1202 2034 filiam
1218 1959 1337 2032 Alsani
1352 1939 1518 2052 duceret,
1542 1962 1799 2032 Constantino-

398 2089 513 2187 polim
529 2086 710 2160 obsident.
734 2083 945 2157 Theodorus
963 2082 1069 2173 verb,
1084 2080 1312 2156 Thessalonie
1332 2108 1394 2154 rex
1413 2099 1574 2175 cecatus,
1589 2109 1664 2156 non
1683 2109 1720 2156 se
1740 2085 1799 2156 in-

401 2212 575 2284 tromittit
583 2209 629 2281 de
636 2209 696 2281 illa
703 2207 905 2280 obsidione.
916 2211 1038 2280 Frater
1046 2206 1271 2304 cjusManuel
1278 2209 1440 2306 privatus
1450 2207 1543 2304 sugit
1550 2207 1596 2280 ad
1604 2207 1800 2282 dominum

402 2334 612 2431 Gaufn'clum
627 2333 657 2423 ⁷,
675 2349 712 2406 et
734 2333 848 2406 lactus
870 2347 924 2404 est
942 2331 1056 2404 homo
1077 2332 1185 2404 illius.
1210 2331 1405 2406 Sororius⁸
1424 2358 1573 2432 quoque
1588 2332 1797 2424 Theodori,

400 2487 524 2535 eomes
545 2461 609 2558 qui
635 2459 769 2532 dieitur
793 2459 970 2532 maximus
995 2459 1148 2532 lacincti
1167 2457 1182 2498 ⁹
1208 2459 1322 2534 iactus
1342 2473 1395 2534 est
1417 2459 1531 2532 bomo
1550 2460 1728 2534 Gaulridi.
1756 2467 1803 2534 Et

399 2587 486 2661 cinn
502 2585 685 2662 lohannes
705 2609 767 2658 rex
787 2583 962 2681 indigeret
981 2584 1186 2682 adjutorio,
1203 2585 1270 2658 iste
1288 2583 1482 2659 Gaulridus
1497 2611 1584 2660 eum
1602 2613 1671 2660 120
1695 2590 1801 2660 navi·

398 2713 470 2786 bus
489 2737 552 2783 seu
577 2711 670 2784 vasis
692 2709 830 2784 bellicis
847 2736 1060 2785 succursum
1076 2711 1232 2810 prestitit
1250 2710 1413 2787 obsessis.
1435 2717 1479 2784 Et
1498 2711 1585 2786 cinn
1602 2713 1800 2788 adversarii

402 2839 475 2910 300
495 2861 578 2910 vasa
593 2835 770 2910 haberent
780 2889 790 2926 ,
801 2837 877 2934 ipse
896 2861 962 2934 per
982 2819 1144 2910 mediuni
1164 2836 1311 2908 illorum
1321 2838 1674 2942 Constantinopolim
1688 2841 1803 2912 intra·

401 2965 474 3050 vit;
490 2978 526 3034 et
545 2960 586 3036 15
602 2986 685 3034 vasa
697 2987 826 3034 eorum
839 2961 1024 3034 contrivit.
1039 2961 1203 3035 Habebat
1220 2988 1287 3036 100
1303 2963 1456 3053 milites,
1476 2963 1548 3037 300
1563 2963 1803 3059 ballistatores

401 3103 439 3162 et
460 3087 554 3162 1500
582 3086 779 3161 archarios.
808 3092 852 3160 Et
880 3113 921 3158 ex
944 3112 1020 3185 quo
1041 3111 1101 3158 rex
1118 3087 1303 3160 lohannes
1323 3104 1472 3162 venerat
1494 3089 1541 3162 ad
1565 3104 1686 3188 partes
1703 3089 1801 3180 illas,

408 3213 575 3286 mittebat
590 3211 755 3310 quolibet
769 3237 867 3285 anno
885 3237 1017 3303 oo,ooo
1041 3236 1189 3310 perprcs
1206 3211 1253 3286 ad
1273 3213 1534 3288 conducendos
1550 3214 1768 3288 auxiliarios.
1784 3246 1802 3282 s

451 3343 517 3411 Ces
541 3361 687 3410 sccours
711 3351 916 3434 opportuna
936 3350 972 3406 et
998 3335 1162 3434 puissans
1177 3335 1318 3410 donnes
1342 3363 1409 3435 par
1427 3337 1600 3436 Gcol'sroy
1628 3338 1673 3411 de
1692 3337 1801 3411 Ville-
1871 3347 1875 3356 '

403 3461 566 3534 Hardoin
583 3485 629 3532 en
648 3457 773 3532 1235t
794 3459 953 3558 l'empire
969 3459 1016 3532 de
1028 3461 1326 3559 Constantinople
1345 3461 1419 3534 lors
1432 3460 1478 3534 de
1489 3462 1662 3562 l'attaque
1674 3462 1802 3536 simul·

403 3584 507 3668 tanco
523 3584 570 3657 de
585 3599 679 3658 cette
694 3583 778 3658 ville
800 3609 866 3683 par
878 3590 968 3658 Jean
986 3589 1077 3658 Asan
1099 3599 1135 3658 et
1160 3590 1248 3658 Jean
1267 3591 1448 3676 Vatatzes,
1470 3602 1554 3660 sont
1568 3587 1802 3662 mentionatis

404 3710 499 3782 aussi
513 3707 603 3780 dans
617 3707 652 3780 la
663 3705 868 3806 chronique
882 3707 929 3780 de
944 3707 1110 3806 Philippe
1125 3709 1319 3782 Mouskcs:
1882 3685 1885 3694 Ἰ

766 3963 911 4040 &nqueo
924 3965 1022 4074 rerinl
1034 3964 1140 4030 novole
1153 3964 1258 4039 noble,

771 4071 837 4150 Que
851 4085 977 4146 nogent
991 4069 1030 4132 do
1042 4069 1284 4134 Constantinoblc

771 4175 921 4254 Soucorn,
936 4178 955 4237 t
971 4178 1066 4238 moult
1079 4182 1166 4254 grant
1179 4179 1297 4258 hostin,

438 4415 620 4479 'L'eatreprtsc
630 4415 691 4467 tatto
702 4415 791 4480 partes
802 4415 934 4468 ventttens
944 4428 1010 4479 pour
1019 4416 1083 4469 atter
1153 4417 1165 4448 ⁸
1177 4419 1242 4468 toan
1265 4419 1390 4476 vststzes,
1402 4417 1462 4480 pere
1479 4417 1512 4469 de
1531 4418 1664 4471 Theodoro
1682 4423 1804 4473 tasonis.

405 4504 531 4558 temate
546 4509 634 4556 contre
646 4505 670 4554 ta
680 4504 790 4556 corsano
802 4503 881 4555 fleon
893 4504 926 4556 de
938 4505 1023 4556 ttstte.
1153 4503 1239 4557 ‘toan
1254 4507 1332 4566 tun,
1349 4503 1486 4560 neovttns
1496 4509 1534 4558 rot
1548 4507 1582 4560 do
1593 4509 1712 4571 nutante
1722 4515 1752 4562 st
1761 4525 1806 4563 nc·

436 4594 498 4646 ’Aa
512 4600 630 4648 monent
646 4595 679 4646 de
692 4595 717 4646 ta
728 4595 855 4658 eooqutta
867 4595 901 4646 de
920 4596 990 4646 12⁰4.
1011 4597 1083 4646 caue
1124 4611 1173 4650 vsa
1185 4599 1218 4650 rto
1230 4599 1365 4652 tosnntce.
1380 4598 1473 4664 (voror
1485 4601 1522 4654 tot
1537 4601 1667 4656 Tabim
1678 4603 1804 4666 stowa-

407 4685 532 4735 insertion
544 4690 580 4735 est
590 4685 670 4744 vrato,
683 4684 748 4735 mats
759 4685 795 4735 les
806 4683 900 4747 parties
913 4684 1002 4735 otdtes
1012 4683 1044 4736 de
1055 4695 1084 4736 eo
1124 4688 1213 4751 utque
1227 4687 1273 4741 det
1283 4689 1333 4739 rolt
1345 4687 1524 4753 denotante.)

407 4773 462 4822 cote
477 4773 621 4835 paratust
633 4773 705 4824 avotr
715 4771 755 4824 tto
765 4771 950 4824 mndonntcs
960 4773 1027 4824 aton
1037 4785 1085 4836 ptr
1154 4777 1295 4840 'monor
1306 4779 1339 4829 de
1350 4779 1554 4832 vtile-narona.

407 4863 444 4913 tes
453 4862 588 4913 vtutttoos
597 4861 612 4913 t
621 4863 744 4916 nostram
760 4868 787 4916 et
800 4875 847 4927 par
861 4863 900 4916 tat
912 4865 1084 4928 metimus·
1155 4869 1347 4932 'amana
1360 4871 1383 4921 to
1398 4872 1462 4924 mart
1473 4872 1506 4923 ‹ts
1520 4873 1545 4924 ts
1556 4883 1632 4925 soor.

408 4955 466 5004 nott
478 4953 625 5005 Gutttsrnne
639 4953 671 5006 de
682 4955 868 5018 Chamotlttc.
1155 4955 1212 5006 'Lo
1228 4963 1312 5009 canu
1334 4958 1366 5008 de
1383 4961 1464 5011 zante
1477 4964 1503 5011 et
1523 4961 1689 5025 capulans.
1713 4961 1807 5026 (voret

365 5109 372 5128 ι
439 5043 576 5100 ‘Athena
588 5045 717 5106 casotae.
1126 5045 1163 5094 tes
1183 5043 1312 5096 'tebteanx
1331 5045 1529 5112 nitentque
1547 5048 1592 5101 das
1610 5049 1691 5102 doure
1711 5051 1807 5114 patries

440 5133 702 5186 ‘leandettrteone
1126 5133 1274 5188 d'Aettatet
1287 5137 1406 5197 lstutte.)
