3928 6044
719 551 853 630 aucun
874 551 1108 632 n’trumvrs.
1551 578 1611 640 aar

270 702 350 770 «Et
368 695 591 787 lendemain,
623 696 738 787 dit-il,
763 700 840 770 vint
859 699 987 772 lollroi
1011 697 1329 774 deVile·Harduin
1359 719 1395 774 et
1422 703 1535 778 Othes
1563 706 1610 779 de

221 827 268 896 lat
287 820 420 894 Roche.
444 853 461 888 r>

268 953 334 1018 Les
349 946 470 1023 lettres
488 946 534 1020 de
549 971 591 1020 oe
609 947 724 1044 grand
738 972 833 1048 pape
853 953 1032 1020 lunocent
1047 953 1116 1039 lll,
1134 953 1198 1048 qui
1219 950 1369 1026 domina
1389 952 1419 1024 si
1438 953 1613 1050 puissam-

220 1085 319 1144 ment
343 1096 410 1169 par
429 1095 496 1142 son
508 1070 611 1168 genie
626 1070 814 1173 superieur
827 1086 862 1144 et
881 1096 948 1170 par
963 1096 1002 1144 sa
1024 1071 1188 1146 droiture
1209 1090 1329 1150 tontes
1348 1075 1398 1148 les
1417 1076 1560 1150 allaires
1576 1092 1613 1152 et

221 1211 302 1268 tous
320 1195 372 1268 les
392 1194 557 1269 hommes
582 1195 629 1268 de
650 1221 717 1268 son
742 1191 847 1270 siecle
867 1195 1030 1295 pendant
1049 1195 1101 1270 les
1127 1196 1295 1272 dix-neus
1311 1198 1445 1272 anndm
1472 1199 1520 1272 de
1545 1225 1612 1272 sou

221 1318 328 1416 regne
338 1321 365 1410 ¹,
383 1320 463 1392 sont
477 1319 640 1394 d'Othon
656 1319 701 1394 de
716 1326 764 1394 Le
778 1318 901 1394 Roche
914 1344 987 1393 une
1003 1323 1167 1394 mention
1183 1321 1265 1421 plus
1280 1323 1466 1422 frequente
1478 1351 1552 1424 qne
1567 1325 1614 1397 de

221 1459 303 1518 tous
322 1443 373 1518 les
394 1461 514 1518 autres
539 1444 645 1520 hauts
674 1444 827 1539 barons,
857 1469 923 1544 par
952 1446 1044 1517 suite
1071 1445 1118 1518 de
1149 1445 1421 1546 lasuperiorite
1447 1449 1497 1522 du
1520 1449 1614 1548 siege

220 1567 503 1668 archiepiscope!
521 1566 726 1642 d’Athenes.

266 1698 310 1764 le
323 1707 451 1764 trouve
469 1690 532 1765 dds
556 1693 647 1765 1208
667 1718 741 1765 une
754 1693 859 1765 lettre
879 1693 943 1791 qni
956 1693 1009 1769 lui
1025 1708 1077 1766 est
1089 1694 1414 1768 nominativement
1436 1693 1612 1786 adressee,

219 1817 311 1889 ainsi
335 1815 419 1914 qu'a
441 1815 619 1915 plusieurs
643 1832 762 1890 autres
786 1817 1000 1890 feudataires
1030 1817 1076 1890 de
1106 1819 1293 1890 Romanie.
1316 1817 1405 1916 nejt
1428 1843 1615 1896 commen·

220 1939 373 2036 caienti
388 1965 425 2034 se
440 1941 527 2012 laire
550 1942 759 2040 apercevoir
773 1940 824 2014 les
845 1941 1021 2039 premiere
1036 1943 1255 2040 sympthmes
1278 1941 1324 2014 de
1340 1942 1495 2016 division
1508 1957 1615 2016 entre

219 2065 270 2138 les
285 2065 501 2138 feudataires
514 2067 651 2166 latques
664 2082 700 2140 et
712 2066 762 2139 les
776 2065 990 2140 feudataires
1011 2065 1307 2166 ecclesiastiques.

265 2219 285 2256 ι
299 2189 446 2278 Quantb
465 2215 637 2292 personas
653 2207 787 2266 vestras
802 2191 989 2264 sinceriori
1010 2190 1193 2288 diligimus
1211 2193 1248 2264 in
1267 2193 1428 2264 Domino
1446 2193 1614 2286 caritate,

219 2312 300 2384 leur
324 2312 457 2406 dit-11¹,
484 2313 585 2388 tanto
606 2314 735 2411 majori
761 2313 887 2386 dolore
910 2313 1102 2386 turbamur
1120 2314 1206 2388 ciam
1221 2340 1264 2388 ea
1289 2315 1396 2390 uobis
1416 2315 1465 2388 de
1491 2318 1617 2390 vestris

218 2436 362 2512 actibus
388 2439 690 2538 referunturque
714 2439 847 2514 lamam
870 2453 1025 2512 vestram
1048 2438 1268 2514 obnubilant
1298 2440 1398 2540 apud
1423 2440 1615 2533 homines,

219 2569 521 2642 etconscientiam
531 2567 713 2642 macttlant
726 2567 823 2668 apud
832 2573 961 2642 Deum.
972 2566 1065 2642 cum
1075 2567 1200 2663 igitur,
1209 2569 1302 2664 sicut
1312 2566 1534 2640 venerabiles
1544 2567 1616 2640 lra-

220 2707 293 2764 tres
320 2693 454 2784 nostri,
482 2691 708 2766 Atheniensis
723 2692 1033 2794 archiepiscopus,
1061 2692 1254 2790 episcopus
1280 2690 1558 2790 Termopilensis
1580 2706 1618 2764 et

218 2815 371 2891 dilectus
389 2815 484 2890 filius
498 2819 763 2892 Nazorescensis
776 2818 926 2911 electus,
943 2820 980 2890 in
995 2820 1117 2890 nostra
1130 2818 1310 2917 presentia
1323 2816 1529 2908 constituti,
1545 2839 1615 2914 pro

220 2967 259 3015 se
280 2968 324 3016 ac
347 2941 425 3016 aliis
442 2942 675 3024 ecclesiarum
693 2945 869 3018 Romanie
886 2943 1051 3046 prelatis,
1072 2944 1201 3016 nostris
1219 2941 1369 3016 auribus
1388 2942 1617 3036 intimarunt,

219 3082 453 3166 personatus,
479 3065 643 3140 ecclesias
672 3083 708 3140 et
732 3066 913 3157 abbatias,
938 3083 974 3140 et
1002 3067 1164 3140 redditus
1189 3067 1380 3140 detineatis
1404 3065 1615 3140 ecelesiasti-

221 3194 349 3265 cosin
385 3191 507 3266 salutis
537 3208 652 3265 vestre
680 3192 909 3291 dispendium
936 3207 1149 3290 occupatos,
1184 3193 1423 3264 Devotionem
1457 3195 1616 3262 Vestram

221 3340 389 3412 rogamus
417 3315 589 3390 attentihs
618 3331 653 3390 et
676 3341 884 3406 monemus,
907 3339 973 3426 per
1003 3314 1200 3417 apostolica
1226 3314 1330 3388 vohis
1353 3314 1487 3412 scripta
1516 3336 1616 3384 man·

221 3443 369 3533 dantes,
386 3442 565 3542 quatenus
585 3442 746 3542 predicta
760 3443 882 3515 omnia
906 3441 1061 3530 ecclesiis
1078 3440 1211 3537 quibus
1224 3438 1404 3512 debentur
1421 3437 1617 3512 liberaliter

222 3569 460 3664 resignantes,
480 3565 638 3667 decimas
658 3566 707 3638 eis
725 3561 862 3664 integre
880 3563 1101 3666 persolvatis,
1124 3563 1292 3644 facientes
1304 3561 1451 3634 subdito
1465 3575 1614 3650 vestros,

221 3696 357 3782 Grecos
387 3689 554 3764 videlicet
577 3705 613 3763 et
640 3691 804 3778 Latinos,
831 3689 976 3789 prelatis
1007 3688 1081 3759 suis
1113 3685 1358 3769 obedientiam
1393 3699 1429 3759 et
1453 3708 1618 3780 reveren·

222 3817 311 3914 liam
324 3815 492 3914 exhibere
502 3845 512 3906 ;
523 3815 684 3913 alioquin
700 3813 966 3918 venerabilibus
976 3811 1144 3884 fratribus
1158 3813 1302 3902 nostris,
1313 3809 1619 3884 Thessalonicensi

223 3955 260 4012 et
286 3942 478 4036 larissensi
501 3939 780 4041 archiepiscopis
809 3955 846 4010 et
866 3939 1038 4036 episcopo
1068 3936 1304 4024 Damaliensi,
1328 3936 1460 4008 nos'tris
1490 3935 1619 4008 damus

224 4064 351 4154 litteris
374 4067 412 4138 in
432 4063 611 4154 mandatis
632 4079 672 4147 ut
697 4065 761 4155 vos
773 4061 821 4138 ad
835 4061 892 4158 id,
918 4062 1120 4150 monitione
1132 4061 1322 4160 premissi,
1341 4085 1407 4160 per
1429 4083 1619 4135 censuram

224 4159 514 4288 ecclesiasticam,
533 4161 774 4290 appellatione
791 4185 945 4280 remoti,
959 4188 1097 4284 justitia
1110 4185 1296 4259 mediante
1311 4185 1543 4286 compellant.

272 4343 290 4380 α
300 4317 432 4404 Datum
446 4313 610 4408 Laterani
625 4317 672 4398 lX
685 4311 754 4384 hal.
771 4311 961 4412 februarii,
976 4335 1074 4416 anno
1087 4309 1297 4406 Xl⁰(1208).
1311 4339 1329 4374 n

272 4443 371 4510 Cette
385 4441 502 4538 mente
514 4438 631 4511 annee
650 4437 774 4510 Othon
789 4436 835 4508 de
854 4435 888 4536 la
902 4436 1025 4509 lloche
1038 4460 1075 4508 se
1090 4435 1218 4524 maria,
1232 4433 1323 4504 ainsi
1339 4455 1411 4530 que
1426 4453 1519 4502 nous
1531 4427 1619 4527 l’ap-

223 4561 343 4662 prend
356 4589 428 4656 une
443 4561 547 4639 lettre
560 4562 838 4656 d’lnnooentlll
855 4562 876 4634 ‘a
891 4559 1142 4666 l’archevdque
1155 4557 1202 4632 de
1220 4558 1353 4630 Larisae
1366 4583 1374 4625 ε

257 4843 404 4896 ‘monent
418 4831 454 4896 til
473 4844 513 4896 lut
528 4844 570 4896 cla
587 4845 611 4896 ts
623 4845 648 4894 11
660 4841 763 4906 lanvler
779 4842 837 4890 1191
856 4837 899 4901 (ou
942 4839 974 4890 de
985 4837 1134 4896 namatus,
1145 4847 1180 4888 aa
1196 4834 1363 4896 mlsneurde
1373 4832 1618 4898 hirmenaldum

228 4934 287 4984 rtet
297 4944 416 4984 nonvean
426 4919 652 4996 clytemnestras
663 4931 687 4982 lc
698 4927 819 4992 ttjuttet
831 4911 899 4984 11111.
939 4931 1028 4990 aurea
1048 4927 1124 4980 ltauts
1150 4925 1307 4978 lentum
1335 4925 1369 4978 ds
1393 4927 1529 4980 lttmants.
1560 4908 1618 4988 tas.

255 5020 408 5075 ’1111111111
418 5011 572 5074 tohndlablt
582 5019 774 5084 cesennam.
788 5015 900 5068 tomen
942 5013 1102 5081 dllnnoctutl
1112 5019 1162 5076 tlt,
1174 5013 1310 5071 tolltdb!
1326 5014 1359 5071 de
1373 5015 1479 5078 selme
1492 5015 1618 5072 thren.

226 5110 260 5162 ds
271 5113 307 5162 ta
324 5110 417 5169 nothe,
434 5095 553 5176 migrem
567 5107 719 5171 d’lttlnet.
738 5121 771 5162 tu
788 5107 902 5170 narnus
941 5123 969 5173 p.
983 5109 1039 5166 211,
1053 5111 1123 5182 tone
1133 5105 1169 5170 1.)
