3928 6044
694 624 829 706 33330333
850 647 904 708 oa
925 644 1068 712 naxos.
1524 653 1585 717 333

180 771 277 850 blata
297 777 410 863 morl,
426 790 467 848 ut
486 797 592 848 rems
602 773 821 850 christianos
841 778 956 877 reipsa
976 775 1076 852 haud
1092 781 1169 852 solo
1187 783 1336 856 nomine
1362 783 1477 874 decet,
1491 785 1581 858 dum

180 903 323 974 Persico
333 895 658 974 bello-distrahitur
671 917 794 976 noster
805 901 929 994 hostis,
944 907 1165 978 unanimiter
1175 907 1356 1003 (quamvis
1365 908 1445 980 sero
1454 933 1584 1007 prope·

180 1025 330 1097 modurn
348 1024 387 1096 id
401 1024 477 1120 liet)
494 1043 594 1097 333313
610 1040 751 1122 parate,
768 1051 867 1100 arma
885 1029 1077 1125 capescite‚
1094 1029 1365 1104 Malrumetanas
1378 1033 1584 1129 provincias

181 1151 455 1246 magnanimiter
482 1149 657 1238 invadite,
678 1151 874 1222 immanem
893 1151 1051 1224 belluam
1078 1157 1169 1226 terra
1190 1156 1356 1252 marique
1376 1155 1484 1252 primi
1510 1157 1582 1230 lor·

180 1276 588 1372 titerimpetite‚veaate
600 1289 636 1346 et
659 1275 835 1348 infestate.
854 1281 937 1364 Quo
951 1279 1098 1376 auspice
1118 1293 1154 1350 et
1175 1279 1318 1352 favente
1336 1285 1413 1354 Deo
1433 1283 1582 1380 Optimo

177 1397 333 1470 Maximo
342 1397 730 1496 cujusomnipotentiae
740 1399 1087 1497 plurimumdareac
1096 1401 1581 1502 liderevestrarumpartium

177 1538 242 1611 est,
258 1523 391 1619 ereptis
405 1522 511 1594 vobis
523 1522 612 1594 locis
632 1537 668 1596 et
686 1523 914 1619 regionibus,
931 1539 1130 1623 ereptoque
1140 1528 1366 1600 sanctissimo
1388 1529 1582 1627 sepulchm

175 1648 375 1718 Servatoris
388 1648 507 1718 Nostri
520 1651 604 1719 lesu
624 1646 768 1738 Christi,
785 1647 887 1720 illurn
906 1673 1036 1720 exuere
1049 1649 1289 1722 acdenudare
1304 1653 1582 1748 possitis.Vocat

177 1795 242 1842 vos
263 1769 369 1842 beata
386 1769 563 1842 immensa
580 1769 640 1842 illa
658 1772 765 1843 Trina
781 1771 944 1868 Majestas
962 1771 1113 1844 eoelestis
1134 1773 1179 1844 ad
1202 1773 1273 1845 hoc
1293 1773 1579 1848 laudatissimum

176 1909 357 1966 certamen
372 1908 406 1966 et
423 1893 576 1984 bellum;
589 1893 636 1968 ad
647 1893 748 1967 hunc
756 1893 1052 1992 gloriosissimum
1074 1896 1304 1994 triumphum
1321 1899 1449 1972 invitat
1462 1900 1581 1974 Chris-

177 2019 275 2094 tiana
289 2019 402 2116 pietas
424 1994 611 2116 coetusque
629 2018 788 2116 reliquus
807 2019 1042 2110 christianum
1067 2020 1234 2094 hortatur
1252 2038 1412 2096 vestrum
1444 2048 1581 2100 munus

175 2159 209 2214 et
223 2141 385 2216 officium
397 2172 406 2233 ;
419 2143 621 2216 admonent
635 2144 812 2239 promissa
825 2144 891 2242 ipsi
909 2141 1051 2216 Christo
1067 2143 1153 2216 duci
1172 2161 1207 2218 et
1227 2146 1437 2243 imperatori
1453 2163 1578 2220 nostro

174 2265 195 2338 i
213 2269 316 2340 vobis
330 2245 440 2356 130131
455 2269 613 2340 excitant
626 2267 825 2366 propinqui
846 2282 881 2339 et
894 2267 1040 2339 finitimi
1054 2271 1255 2340 Turcorum
1271 2271 1425 2368 imperio
1437 2271 1577 2370 populi,

175 2411 214 2468 ut
229 2395 416 2468 nonnullis
428 2397 588 2467 vestrtim
604 2394 772 2490 subjecti,
795 2396 843 2466 ita
859 2395 1020 2493 ipsorum
1035 2395 1177 2491 ignavia
1196 2395 1303 2468 simul
1319 2413 1355 2468 et
1372 2399 1578 2480 3333111333

173 2518 404 2618 partealiqua‘r
426 2518 591 2614 neglecti,
613 2533 648 2590 et
666 2518 821 2590 aliorum
837 2524 996 2616 quorum
1010 2545 1086 2590 non
1111 2520 1259 2591 interest
1281 2522 1439 2617 nequitia
1457 2537 1493 2593 et
1507 2523 1577 2595 ini·

174 2647 311 2740 quitate
336 2643 481 2742 penitirs
512 2643 692 2730 destituti,
725 2667 768 2716 30
801 2641 931 2740 praedoe
960 2639 1156 2714 crudeliter
1178 2641 1385 2716 indubitato
1403 2647 1577 2742 expositi;

176 2769 383 2840 Exstimulat
398 2769 562 2841 infinitus
583 2793 757 2840 numerus
774 2770 1002 2866 captivorum
1019 2767 1309 2840 Christianorum
1337 2768 1577 2866 compedibus

174 2895 297 2968 ferreis
322 2894 558 2992 catlrenisque
584 2873 748 2985 vinctus,
777 2895 918 2992 reliquo
937 2895 1032 2990 gregi
1058 2892 1174 2966 libero
1193 2918 1268 2966 non
1288 2888 1426 2992 impar,
1440 2896 1503 2992 qui
1518 2895 1576 2966 in·
1689 2885 1693 2894 ¹

174 3045 282 3118 quam
305 3021 562 3126 Mahumetanp
588 3035 744 3118 tyranno
771 3015 1017 3090 durissimeac
1035 3017 1280 3090 dolentissime
1308 3019 1437 3106 servit;
1462 3035 1578 3092 arctat

173 3161 288 3218 vestra
312 3148 474 3244 ipsorum
498 3120 607 3218 tutela
633 3161 668 3218 et
690 3145 805 3232 salus;
828 3161 931 3240 urget
949 3143 1195 3216 miserandum
1210 3158 1246 3216 et
1261 3143 1381 3216 flebile
1394 3143 1574 3242 plurimo·

172 3296 253 3342 rum
272 3272 484 3370 principum
505 3274 655 3344 exitium
675 3287 711 3342 et
733 3269 935 3357 excidium,
953 3272 1070 3365 cogit,
1094 3285 1163 3347 aut
1182 3294 1309 3365 cogere
1330 3269 1434 3341 decet
1455 3271 1576 3340 immi·

172 3419 261 3466 nens
277 3395 488 3483 discrimen,
507 3422 553 3468 ne
572 3421 655 3468 curn
676 3396 794 3491 regnis
810 3409 845 3464 et
859 3393 1019 3492 imperiis
1046 3394 1170 3464 vestris
1187 3391 1391 3464 libertatem
1413 3407 1448 3463 et
1466 3395 1577 3464 vitam
1652 3461 1656 3468 .

89 3589 91 3594 .
172 3519 502 3614 pariteramittatis,
519 3535 628 3616 atque
642 3521 691 3590 ita
709 3519 840 3590 erroris
860 3531 896 3586 et
906 3515 1027 3588 delicti
1041 3513 1187 3586 admissi
1200 3538 1340 3611 paenas,
1358 3529 1435 3584 tum
1449 3539 1576 3611 super·

171 3644 269 3716 stites
278 3644 347 3717 sub
356 3644 631 3733 hoccoel0,tum
640 3642 744 3716 brevi
754 3641 918 3714 defuncti
926 3638 994 3712 sub
1004 3638 1094 3728 alio,
1105 3653 1147 3709 ut
1163 3639 1387 3734 gravissimas
1405 3639 1456 3708 sic
1468 3640 1575 3710 etiam

140 3814 143 3820 ,
172 3769 413 3842 meritissimas
436 3770 554 3842 luatis.
575 3769 680 3841 Haud
698 3764 784 3842 sane
799 3791 913 3864 pauca
934 3777 1139 3862 supersunt,
1154 3787 1236 3860 quae
1253 3761 1325 3833 hoc
1340 3763 1378 3832 in
1392 3762 1476 3834 loco
1493 3760 1577 3861 apte

170 3893 479 3992 accomodatdque
497 3883 699 3974 memorare
717 3910 879 3992 possem,
903 3888 986 3960 01330
1005 3889 1051 3962 de
1070 3891 1200 3960 natural
1232 3901 1270 3960 et
1296 3886 1478 3978 moribus,
1498 3903 1576 3960 tum
1661 3907 1665 3916 ’

169 4017 214 4090 de
228 4020 358 4105 armis,
384 4019 635 4114 armamentis,
651 4015 843 4094 ordinibus
862 4030 898 4088 et
927 4014 1159 4118 valrameutis
1178 4037 1220 4084 30
1239 4011 1286 4084 de
1304 4009 1449 4098 militari
1465 4012 1578 4086 disci-

112 4216 117 4224 ,
169 4143 270 4241 plina
288 4149 510 4232 Tureorum,
535 4144 758 4240 demumque
769 4141 816 4214 de
836 4165 974 4238 genere
987 4165 1029 4211 ac
1047 4139 1162 4212 sormi
1176 4137 1279 4244 belli,
1303 4153 1343 4210 ut
1368 4121 1523 4227 scilicet,
1542 4153 1578 4209 et

169 4266 241 4363 qui
260 4268 386 4340 inferri
413 4293 455 4340 ac
473 4273 547 4363 geri
567 4267 710 4338 debeat.
730 4263 866 4336 Verirm
891 4263 977 4336 cirrn
992 4261 1204 4359 hujusmodi
1222 4261 1364 4358 aliaque
1389 4261 1426 4332 id
1443 4285 1576 4356 genus,

168 4409 297 4491 utpote
314 4391 401 4466 131330
426 4410 487 4466 3131
508 4393 655 4466 aliunde
674 4391 721 4462 ad
745 4415 809 4463 vos
829 4391 960 4488 saepius
982 4389 1086 4460 311313
1103 4385 1325 4487 exactissimi
1346 4401 1489 4474 tenere,
1513 4407 1578 4456 vos

169 4517 469 4590 verisimillimum
483 4519 527 4588 sit
539 4533 575 4590 et
587 4541 773 4590 armorum
792 4515 932 4612 peritii,
959 4527 1069 4608 atque
1091 4512 1300 4584 animorum
1322 4525 1358 4608 et
1372 4533 1573 4606 corporum

75 4727 79 4734 Ι
169 4641 311 4730 3013033,
329 4644 566 4740 Byzantinum
577 4644 832 4739 imperatorem
845 4640 995 4737 ejusque
1009 4638 1119 4710 duces
1135 4651 1171 4708 et
1186 4635 1372 4732 praefectos
1386 4634 1576 4730 superetis,

168 4783 202 4838 et
217 4767 404 4840 industriae
417 4769 619 4862 omiserim,
638 4791 683 4838 ne
701 4765 863 4860 longiore
882 4763 1048 4834 oratioue
1065 4774 1259 4858 apparatus
1276 4774 1413 4830 vestros
1424 4758 1576 4832 bellicos

168 4889 303 4963 dusius
325 4915 504 4979 remorer;
523 4891 703 4988 imprimis
730 4887 815 4960 clim
846 4885 1043 4979 intelligam
1066 4883 1113 4954 ab
1140 4881 1350 4954 Othomano
1366 4909 1407 4955 ex
1424 4883 1576 4958 Thracici

168 5015 329 5088 1001313133
362 5015 439 5111 jam
474 5017 566 5088 istuc
594 5015 741 5086 missum
771 5033 989 5110 properare,
1017 5005 1204 5080 indicendi
1230 5005 1335 5082 vobis
1360 5009 1575 5108 propediem

167 5137 251 5210 belli
267 5145 403 5212 caussa.
421 5145 547 5234 ltaque
558 5137 642 5210 cirm
672 5136 746 5230 jam
762 5134 860 5206 lrand
874 5133 973 5206 dicto
995 5130 1057 5202 sed
1078 5131 1172 5204 sacto
1191 5154 1283 5229 opus
1303 5134 1360 5224 sit,
1373 5159 1449 5230 quo
1463 5157 1575 5231 appa·
1632 5137 1636 5144 '
