3928 6044
654 593 1041 678 nuunnn’lrnr'ntns.
1487 619 1547 682 aro

200 778 217 814 a
243 745 416 820 Thebano
434 743 607 845 capitulo.

199 901 216 938 α
241 875 292 942 Ex
312 885 415 968 parte
437 871 553 942 vestra
580 867 649 942 luit
669 870 897 968 propositum
919 894 1044 942 coram
1068 869 1175 942 nobis
1189 869 1214 960 ¹,
1229 868 1328 966 qubd
1356 894 1442 942 cum
1465 897 1546 964 vos,

150 994 336 1069 nobilibus
360 994 463 1084 viris,
488 991 636 1066 Oddoni
659 992 705 1065 de
728 997 863 1086 nocet,
884 993 1036 1066 domino
1062 992 1285 1084 Atheniensi,
1302 1009 1338 1065 et
1366 999 1410 1067 G.
1433 1001 1551 1093 nepoti

148 1119 242 1218 qus,
270 1117 342 1190 320
369 1116 571 1216 hyperpera
592 1131 628 1188 et
649 1115 803 1214 amplilrs
832 1117 1045 1190 teneremini
1071 1118 1220 1189 nomine
1243 1117 1397 1190 crustica
1409 1116 1436 1210 ¹,
1464 1120 1547 1192 red·

149 1243 238 1316 dere
259 1243 462 1332 annuatim,
486 1239 605 1312 dictus
619 1238 727 1314 Oddo
748 1238 978 1314 medietatem
996 1241 1107 1338 ipsius
1131 1242 1284 1312 crustice
1306 1243 1548 1339 pertinentem

148 1366 196 1442 ad
212 1370 332 1466 ipsum
350 1365 453 1439 vobis
471 1368 532 1466 pila
547 1365 760 1438 liberalitate
774 1367 929 1456 remisit,
944 1390 1014 1464 pro
1028 1365 1237 1438 remissione
1249 1365 1335 1452 γετὸ
1349 1365 1548 1440 medietatis

148 1494 297 1566 alterius
312 1492 452 1590 prelato
470 1495 515 1565 G.
539 1489 630 1563 1500
646 1489 848 1590 hyperpera
861 1489 999 1562 solvere
1018 1505 1117 1562 certo
1138 1491 1294 1563 termino
1311 1491 1545 1588 promisistis:

149 1613 249 1689 unde
277 1615 361 1688 cirm
382 1614 515 1688 nobilis
534 1615 590 1687 vir
612 1615 825 1704 Gaulridus,
844 1616 1014 1714 princeps
1037 1613 1185 1705 Acbaie,
1208 1613 1254 1686 ad
1273 1639 1381 1710 quem
1409 1617 1549 1688 ratione

149 1739 250 1812 leudi
274 1739 370 1812 dicta
392 1740 547 1812 crustica
572 1738 796 1838 pertinebat,
825 1739 1071 1812 remissionem
1107 1736 1318 1834 hujusmodi
1350 1738 1549 1812 liberaliter

148 1865 363 1962 acceptavit,
374 1864 480 1936 nobis
490 1863 677 1936 humiliter
691 1864 917 1965 supplicastis
930 1879 971 1935 ut
984 1863 1230 1936 remissionem
1244 1862 1409 1935 eamdem
1422 1861 1549 1960 digna·

149 2016 271 2064 remur
286 1991 389 2064 vobis
402 1993 616 2064 auctoritate
632 1991 831 2090 apostolica
849 1991 1085 2064 confirmare:
1100 2015 1167 2063 nos
1184 1991 1306 2086 igitur,
1326 1991 1451 2062 vestris
1464 2017 1547 2091 pre·

147 2117 253 2190 cibus
278 2117 560 2206 inclinati,etc.,
582 2133 652 2190 etc.
677 2123 810 2188 Datum
836 2117 1018 2207 Laterani,
1049 2115 1117 2188 kal.
1146 2115 1289 2207 octob,
1313 2116 1549 2214 pontificattls

148 2242 264 2314 nostri
280 2265 378 2312 anno
400 2245 458 2326 14⁰
472 2240 615 2339 (1211).
633 2271 651 2307 »
667 2221 671 2232 ³

197 2372 266 2438 Par
287 2391 359 2438 une
375 2365 474 2438 bulle
488 2365 534 2438 de
554 2363 694 2438 l'annee
717 2365 901 2456 suivante,
928 2369 1107 2438 lnnocent
1124 2369 1174 2438 111
1193 2367 1373 2438 constitua
1393 2364 1543 2438 l’arcbe·

149 2489 261 2563 vdcbe
275 2490 320 2563 de
331 2490 505 2563 Corintbe
522 2515 567 2562 en
581 2490 634 2562 lui
650 2489 818 2562 dormant
835 2504 910 2588 sept
933 2489 1130 2586 suffragans
1147 2517 1155 2560 :

196 2647 214 2684 α
235 2618 469 2716 Episcopatus
482 2641 631 2714 quoque
643 2614 791 2688 inseritis
804 2614 1031 2688 annotandos
1044 2614 1191 2688 ecclesie
1207 2630 1268 2686 tue
1281 2614 1548 2713 metropolitico

144 2742 229 2838 jure
255 2741 451 2838 subjectos,
472 2739 536 2812 tibi
559 2741 701 2838 tuisque
723 2738 988 2812 successoribus
1019 2738 1257 2810 nibilominirs
1282 2738 1543 2812 confirmamus

147 2863 315 2936 videlicet
334 2863 659 2963 Cephalonensem‚
672 2863 869 2951 Jacintum,
883 2861 1082 2952 Damalam,
1098 2861 1302 2950 Malavesia,
1313 2869 1436 2959 Argos,
1450 2862 1548 2935 Gilas

148 3005 183 3062 et
197 2991 379 3062 Gimenes.
396 2993 527 3060 Datum
543 2989 708 3060 Laterani
725 3013 790 3086 per
804 3012 954 3058 manum
967 2985 1143 3059 lobannis
1156 3002 1278 3059 sancte
1289 2987 1399 3058 Maria
1413 2987 1449 3058 in
1464 2991 1548 3060 Cos·

147 3114 264 3186 midio
286 3113 431 3186 diaconi
459 3111 667 3201 cardinalis,
685 3115 720 3183 S.
748 3116 789 3182 tt.
814 3117 853 3181 Ε.
879 3111 1099 3196 cancellarii,
1124 3115 1171 3184 Xl
1198 3111 1268 3184 lml.
1291 3111 1405 3207 junii,
1431 3111 1548 3184 indic·

147 3239 249 3311 tione
261 3243 333 3326 XV,
348 3235 811 3308 lncarnationisDominice
824 3259 921 3313 anno
938 3261 1043 3326 1212,
1060 3235 1293 3334 pontificatus
1305 3224 1391 3309 uerb
1405 3235 1547 3308 domini

148 3361 354 3434 Innocentii
368 3385 461 3459 pape
478 3363 526 3430 lll
537 3411 547 3448 ,
566 3384 665 3431 anno
686 3358 743 3430 15⁰
759 3357 786 3430 ³.
808 3389 825 3425 a

194 3489 327 3557 Acette
337 3485 503 3556 occasion
519 3483 543 3553 il
555 3482 698 3570 ecrivit,
708 3482 771 3554 des
784 3481 953 3554 kalendas
967 3481 1013 3552 de
1025 3481 1122 3578 juin,
1135 3480 1154 3552 a
1167 3481 1291 3555 Otbon
1307 3481 1353 3552 de
1365 3487 1414 3554 La
1425 3481 1547 3555 Roche

146 3610 241 3682 aussi
264 3609 349 3682 bien
374 3607 457 3706 qu’b
479 3607 648 3704 Geollroy
671 3607 717 3678 de
739 3604 1056 3695 Ville-Hardoin⁴,
1080 3631 1175 3705 pour
1204 3605 1254 3678 les
1279 3631 1441 3702 engager,
1462 3629 1547 3679 sous

127 3717 299 3806 'menaea
314 3733 377 3804 des
400 3733 522 3830 peines
545 3729 881 3829 eccle'siastiques,b
900 3756 937 3804 se
956 3730 1119 3802 dessaisir
1136 3731 1198 3802 des
1213 3729 1315 3802 biens
1335 3730 1546 3830 qu’ilspuu·

147 3859 270 3930 valent
282 3857 383 3930 avoir
397 3870 497 3928 entre
506 3854 601 3926 leurs
615 3856 744 3944 mains,
760 3853 1031 3954 appartenenti
1046 3852 1289 3926 l’archeveche
1299 3854 1345 3926 de
1357 3855 1543 3946 Corinthe,

149 3997 184 4056 et
198 3981 373 4080 quelques
389 3981 493 4078 jours
514 3995 736 4080 anparavant
758 3981 783 4053 il
806 3981 900 4052 avait
918 3978 1008 4053 ecrit
1022 3980 1112 4052 dans
1134 3980 1167 4052 le
1191 3982 1308 4053 meme
1329 4007 1409 4053 sens
1425 3981 1546 4055 it'l’ar·

149 4106 335 4204 0126νό2]υο
352 4106 398 4178 de
410 4105 561 4177 Thebes.

149 4295 150 4298 ,
197 4229 340 4322 Baluze,
355 4230 447 4302 dont
457 4230 492 4303 le
504 4229 634 4302 recueil
649 4229 737 4301 estsi
749 4227 916 4328 pre'cieux
928 4255 1026 4328 pour
1038 4229 1213 4304 l'histoire
1227 4233 1273 4305 de
1286 4249 1379 4306 cette
1391 4233 1546 4332 e'poque,

149 4354 275 4427 donne
288 4380 350 4426 sur
362 4353 396 4426 le
412 4356 530 4426 meme
543 4354 635 4450 sujet
649 4377 722 4424 une
735 4368 837 4424 autre
850 4351 954 4426 lettre
971 4352 1186 4428 d'lnnocent
1202 4361 1253 4427 lll
1272 4381 1359 4429 avec
1373 4381 1446 4429 une
1462 4357 1545 4429 date

149 4477 352 4550 anterieure
372 4477 419 4549 de
441 4477 615 4575 quelques
633 4477 749 4574 jours.

179 4776 341 4827 'collection
354 4775 387 4825 de
398 4775 499 4832 nature,
511 4789 537 4839 p.
550 4776 605 4834 stt.
620 4778 688 4826 tome
699 4778 723 4826 2.
865 4787 941 4840 neec
958 4775 1085 4829 vocabulo
1097 4780 1262 4840 nuncupatur
1272 4780 1298 4828 et
1312 4776 1412 4829 dudum
1422 4778 1543 4832 adreba-

178 4863 190 4894 ¹
202 4867 328 4914 innocent
338 4866 373 4914 ΙΙΙ
384 4864 503 4926 expllque
515 4863 579 4914 dam
593 4875 645 4913 une
659 4869 732 4914 autre
743 4863 826 4924 lettre.
867 4870 909 4916 tur
920 4863 935 4916 tl
947 4865 1067 4916 Grecis.-

148 4952 265 5004 adrenee
276 4964 326 5002 aux
339 4951 447 5015 nequas
458 4951 493 5001 du
508 4963 629 5014 royaume
643 4949 675 5001 de
688 4951 827 5015 salemque
895 4951 1059 5004 ⁸collection
1072 4953 1104 5004 de
1117 4953 1221 5016 aalma,
1234 4958 1303 5010 tome
1313 4959 1338 5018 2,
1351 4969 1414 5022 paga
1424 4959 1479 5011 022.
1538 4991 1542 5004 2

148 5038 229 5105 (tome
239 5041 263 5098 2,
274 5053 302 5103 p.
314 5037 380 5103 ⁴96).
390 5049 419 5090 ce
429 5050 480 5102 que
490 5037 550 5090 c’est
559 5051 610 5102 que
621 5039 645 5090 lt
657 5040 808 5102 concoquas
896 5040 999 5104 tidem,
1013 5043 1087 5112 tbtd„
1101 5058 1127 5110 p.
1138 5046 1194 5097 224.

180 5147 193 5174 ι
206 5129 283 5184 salvo
299 5133 385 5182 tantan
406 5133 534 5182 terrarum
552 5141 631 5181 censu
648 5129 694 5192 qut
711 5130 827 5180 erorum
