3846 6044
372 618 429 682 144
596 595 963 702 seminassem
983 611 1063 678 sus
1083 615 1133 676 tt
1153 594 1299 676 nosse
1318 611 1552 708 inmense.

368 748 604 846 filiaequae
619 747 742 846 postelt
757 747 862 823 duxit
877 747 975 836 ndo,
991 729 1086 820 titius'
1100 745 1289 820 Alexandri
1303 747 1422 818 fratris
1443 721 1548 820 (lucis
1569 745 1782 842 Burgundie

375 874 528 948 Odonis.
600 935 608 950 .
1609 845 1619 864 ⁶

370 1043 375 1050 -
418 1031 437 1068 e
454 999 534 1075 Filii
551 999 637 1072 vert>
655 997 818 1093 ejusdem
834 998 978 1070 comitis
993 997 1087 1070 Petn'
1102 997 1416 1070 lueruntnumero
1434 1010 1617 1092 quatuor:
1657 1041 1662 1050 ·

419 1153 436 1190 «
452 1120 825 1220 Philippus-edlabra,
835 1144 958 1194 eomes
968 1121 1232 1210 Namuroensis,
1240 1119 1353 1194 titulis
1363 1120 1491 1194 militie
1503 1119 1779 1208 famosissimae

419 1245 637 1322 «liebertus
655 1247 854 1344 imperator
868 1245 1312 1345 constantinopolitanun

379 1461 383 1467 Ι
419 1403 440 1441 α
457 1374 636 1448 Hemims
650 1395 771 1446 eomes
784 1373 1058 1462 Nemureensis3

277 1531 281 1539 ·
423 1504 499 1570 «Et
515 1497 661 1596 juvenis
673 1497 873 1570 Balduinus
885 1495 951 1595 qui
970 1497 1083 1578 modi)
1101 1511 1154 1570 est
1171 1498 1381 1596 imperator.
1466 1555 1473 1568 .

420 1626 586 1696 «Omnes
606 1621 665 1694 isti
687 1618 753 1694 filii
771 1635 808 1692 et
833 1619 907 1692 filie
931 1619 1079 1697 fuerunt
1095 1620 1145 1694 de
1160 1620 1327 1719 predicte
1346 1603 1509 1719 llyolenz
1533 1620 1776 1716 isnpentiice,

369 1745 529 1820 seomidi
542 1745 676 1828 seilicet
688 1746 832 1818 eomitis
846 1746 941 1818 Petri
951 1749 1081 1837 uxum
1092 1769 1193 1836 unm,
1206 1744 1255 1819 de
1268 1746 1388 1845 primi
1401 1769 1514 1848 move
1526 1769 1601 1843 que
1613 1744 1709 1817 dicta
1724 1759 1779 1818 eet

370 1876 485 1971 lignes
508 1883 544 1943 et
561 1869 631 1942 fuit
648 1871 758 1944 urtice
770 1869 845 1944 filie
863 1869 1009 1942 comitis
1027 1869 1208 1944 Guidonis
1224 1871 1467 1958 Nivernensis,
1485 1883 1658 1967 genuerat
1678 1867 1777 1940 idem

371 2020 494 2071 eomes
510 2001 634 2068 Petrus
652 1993 765 2066 filiam
787 2019 916 2083 unam,
936 1993 1151 2068 Methildem
1170 1996 1335 2086 nemine,
1359 2019 1432 2093 que
1449 1995 1576 2068 eomiti
1599 1994 1776 2102 llei'vej0‚

371 2119 538 2194 Geuliidi
566 2117 642 2190 filio
660 2117 706 2190 de
729 2119 823 2190 Gien
844 2133 881 2190 et
899 2117 946 2189 de
971 2120 1146 2210 Dunzeio,
1168 2117 1280 2190 filiam
1301 2121 1449 2192 unioem
1474 2119 1638 2218 peperit,¹
1665 2141 1777 2215 quam

375 2245 505 2319 habuit
522 2267 643 2318 eomes
658 2243 705 2316 de
718 2243 998 2334 Sancto-Paulo,
1018 2244 1283 2340 primogenitus
1298 2245 1445 2316 comitis
1463 2243 1612 2317 Galteri.
1636 2247 1677 2316 Et
1691 2267 1778 2340 pre-

372 2370 470 2444 dicta
490 2357 672 2442 Mathil'dis
696 2369 927 2456 Nivemensis
949 2369 1075 2467 nupsit
1094 2367 1218 2467 postet
1233 2369 1361 2441 comiti
1376 2369 1534 2464 Guigoni
1553 2369 1702 2440 Forensi
1713 2370 1741 2437 ¹.
1759 2399 1776 2434 ιι

420 2498 476 2565 Un
489 2491 705 2566 ectelormel
721 2491 769 2565 de
786 2487 949 2566 Beudoin
964 2497 996 2563 11
1008 2491 1210 2582 lui-meme,
1226 2490 1283 2564 fils
1291 2491 1339 2564 de
1353 2491 1731 2564 Pieeredet'eurtenai
1742 2509 1780 2562 et

371 2617 583 2708 d’Yolende‚
600 2633 637 2690 et
655 2615 748 2692 frere
759 2617 806 2690 de
818 2632 912 2690 cette
922 2619 1039 2691 meme
1049 2614 1177 2715 lignes,
1195 2631 1270 2690 met
1282 2616 1317 2689 le
1325 2616 1390 2690 leit
1400 2616 1447 2689 de
1461 2641 1502 2690 oe
1520 2618 1677 2712 mariage
1691 2615 1779 2688 heis

371 2742 418 2818 de
442 2743 544 2824 teute
566 2741 821 2817 contestatiou.
846 2737 1038 2840 L’original
1059 2741 1170 2816 existe
1189 2766 1260 2814 eux
1284 2741 1455 2814 Archives
1480 2739 1530 2812 du
1559 2764 1734 2838 royaume
1749 2737 1778 2829 ²,

317 2957 320 2968 ι
369 2866 471 2964 signe
488 2892 555 2966 per
574 2866 739 2978 Bentleii}
754 2871 788 2946 ll
810 2891 859 2942 en
875 2865 996 2943 lettres
1011 2866 1061 2938 de
1077 2865 1226 2940 einabre
1242 2890 1483 2966 propreseux
1501 2889 1710 2964 etnpeeeum
1730 2865 1778 2937 de

375 2992 689 3094 Constantinople.
715 2991 745 3064 ll
766 3005 822 3066 est
836 2991 934 3066 dele
956 3007 1085 3066 teneur
1101 2994 1285 3065 suivantet

419 3117 745 3211 «Noessaeduins,
755 3143 822 3216 par
834 3117 869 3192 la
881 3143 987 3215 grace
996 3117 1043 3192 de
1053 3118 1145 3192 Dieu
1155 3141 1358 3217 empereres
1367 3117 1414 3193 de
1430 3117 1617 3209 Romule,
1630 3115 1777 3192 deDieu

372 3242 525 3316 corones
546 3258 581 3314 et
605 3257 662 3316 tos
677 3243 756 3336 jors
770 3244 1007 3336 ammissum,
1030 3243 1164 3316 laisons
1184 3243 1206 3315 t
1230 3245 1349 3316 savoie
1371 3243 1466 3316 litos
1485 3267 1592 3317 oenus
1609 3245 1674 3340 qui
1697 3267 1779 3317 ver·

373 3383 456 3462 rent
471 3394 529 3440 ees
542 3385 725 3467 presentes
747 3369 888 3444 lettres:
910 3395 983 3471 que
996 3395 1081 3444 cum
1101 3375 1170 3443 nos'
1181 3370 1354 3444 deusions
1374 3369 1449 3444 aler
1469 3395 1516 3442 eu
1530 3371 1662 3444 servise
1680 3371 1776 3442 Dieu

370 3516 417 3564 en
443 3489 607 3590 llempire
629 3492 675 3566 de
696 3493 1015 3584 Ctmstantinohle,
1041 3519 1086 3566 au
1112 3495 1228 3593 partie
1250 3519 1330 3591 que·
1345 3519 1413 3566 nos
1437 3493 1560 3568 leimes
1583 3493 1631 3566 de
1654 3508 1778 3566 nostre

371 3629 466 3688 terre
478 3615 525 3688 de
541 3621 688 3706 Remos,
705 3642 772 3690 nos
792 3617 1024 3690 ordenasmes
1037 3635 1074 3691 et
1095 3618 1220 3690 leimes
1238 3617 1326 3690 leire
1349 3619 1544 3690 sairement
1561 3643 1608 3689 eu
1634 3617 1777 3690 cheste-

369 3738 445 3814 lain
468 3739 543 3812 dou
568 3739 731 3814 ehestiau
756 3737 803 3812 de
831 3747 979 3832 Nemus,
1003 3767 1051 3814 au
1072 3742 1203 3834 doian,
1221 3767 1286 3815 aus
1313 3739 1512 3815 chanoines
1538 3757 1574 3814 et
1599 3740 1621 3814 t
1648 3759 1704 3816 tos
1726 3741 1779 3816 les

368 3877 491 3934 autres
506 3861 598 3934 eleis
617 3862 665 3934 de
680 3861 812 3958 l’eglise
822 3864 871 3936 de
888 3865 984 3938 saint
997 3871 1085 3937 Pare
1097 3879 1134 3938 et
1155 3863 1279 3938 ltous
1300 3864 1351 3938 les
1363 3889 1507 3962 sei-gens
1524 3865 1600 3940 dou
1624 3863 1777 3954 chatel,

372 4008 440 4083 por
454 4009 522 4068 nos
534 4000 570 4056 et
584 4011 653 4084 por
667 4011 734 4058 nos
751 3988 896 4080 0i1s‚an
915 3987 963 4060 tel
977 3987 1115 4060 forme:
1132 4012 1206 4086 que
1226 3987 1249 4059 il
1265 3987 1464 4086 ¹gardeeont
1478 4003 1514 4061 et
1531 4003 1727 4061 sauveront
1743 3987 1778 4061 le

371 4108 542 4195 chastelli
556 4136 624 4184 nos
635 4127 673 4186 et
693 4109 715 4186 lt
734 4137 804 4186 nos
823 4101 897 4186 oii's
915 4127 1093 4188 eneontre
1117 4127 1174 4186 tos
1195 4111 1323 4188 homes
1340 4114 1408 4211 qui
1427 4114 1590 4212 puiesent
1612 4115 1712 4188 vivre
1730 4137 1778 4186 ne

372 4236 500 4325 morit,
524 4251 650 4334 etque
671 4230 697 4308 il
719 4251 932 4310 receveront
955 4251 992 4342 et
1016 4251 1180 4312 ostes-ont
1198 4237 1412 4311 chastelains
1432 4253 1468 4310 et
1488 4261 1632 4334 seigens
1652 4263 1721 4337 per
1743 4237 1778 4310 le

369 4359 690 4436 commendement
714 4376 751 4434 et
783 4359 1051 4454 l'ordenement
1074 4361 1151 4441 dou
1173 4363 1229 4436 roi
1265 4361 1312 4434 de
1342 4367 1479 4434 Franee
1504 4362 1611 4434 Loois
1641 4362 1705 4460 qui
1733 4387 1779 4434 or

370 4499 443 4574 est,
458 4499 495 4557 et
515 4483 639 4584 perla
661 4486 766 4557 mine
780 4483 937 4558 Blanelte
949 4509 988 4558 se
1006 4509 1122 4579 mere,
1139 4501 1176 4560 et
1190 4511 1257 4585 per
1271 4485 1323 4558 les
1334 4501 1476 4576 eomes,
1490 4485 1612 4558 c’estlt
1628 4486 1751 4557 savoie
1766 4512 1776 4556 ε

219 4651 229 4666 ·
373 4609 508 4682 Robert
522 4609 567 4682 de
578 4611 715 4701 Artois,
732 4609 869 4684 lnlons
886 4609 934 4684 de
955 4613 1120 4700 Poitiers,
1142 4611 1266 4684 Challe
1282 4609 1488 4708 d’Angeou‚
1508 4611 1630 4684 lveires
1649 4635 1696 4684 au
1712 4609 1778 4681 de·

372 4747 460 4804 vant
472 4732 526 4804 dit
540 4734 613 4824 roi,
632 4757 681 4806 on
700 4757 767 4832 per
779 4733 855 4806 l’un
871 4732 992 4826 d'eus3
1014 4749 1052 4810 et
1068 4735 1123 4808 s'il
1147 4736 1294 4810 avenoit
1314 4733 1424 4810 chose
1449 4759 1523 4832 que
1545 4733 1592 4808 de
1614 4759 1683 4810 nos
1697 4733 1778 4808 del-

372 4854 497 4942 leneit,
522 4879 568 4927 au
592 4855 727 4928 devant
754 4857 898 4946 dimi,
922 4859 1025 4930 mine
1047 4873 1083 4931 et
1111 4873 1236 4931 centes
1256 4857 1479 4950 obeiroient,
1502 4859 1531 4932 si
1560 4884 1645 4932 eum
1669 4857 1693 4930 il
1725 4873 1779 4931 est

406 5139 413 5170 ¹
429 5140 539 5196 liberte.
554 5147 631 5205 peges
643 5142 688 5192 ttrt
698 5146 724 5192 et
734 5143 787 5192 ⁴98.
1073 5146 1078 5206 Ι
1127 5143 1244 5196 'certon
1256 5147 1349 5196 ΗΜ.
