3862 6048
367 629 429 696 rso
594 611 962 698 retusussrnsns
983 629 1063 692 sun
1083 631 1131 690 m
1153 611 1297 692 nourr
1318 621 1549 718 rusucusr.

369 765 445 836 scic
462 761 511 839 de
525 777 599 834 cest
621 760 728 834 siecle
746 776 849 833 autre
865 777 946 860 part
963 785 1035 860 que
1046 760 1088 832 es
1105 760 1181 832 leus
1194 760 1395 850 dessusdis,
1416 759 1454 856 je
1469 759 1540 832 vuil
1556 773 1592 832 et
1604 759 1774 831 omonne

369 903 460 958 estre
479 885 547 956 mis
570 899 604 956 et
621 884 701 956 eslis
721 909 779 957 ma
795 884 978 983 sepulture
992 895 1038 956 e'u
1052 884 1217 982 l’sbbuye
1236 884 1283 958 de
1298 883 1433 958 l'ordre
1449 883 1495 956 de
1510 885 1689 974 Cisteuux,
1708 883 1774 980 qui

369 1008 496 1082 semla
513 1007 596 1106 plus
614 1007 841 1106 prochainne
862 1008 938 1080 dou
964 1008 1022 1078 leu
1046 1007 1094 1079 οὺ
1115 1009 1152 1104 je
1179 1008 1428 1107 trespesseroie
1441 1007 1488 1080 de
1506 1025 1582 1080 eest
1604 1007 1710 1080 siecle
1724 1029 1772 1078 eu

370 1134 511 1210 l’autre.

421 1268 562 1349 «Item,
586 1261 623 1357 je
648 1259 723 1331 vuil
746 1274 782 1330 et
804 1258 970 1330 onlonne
989 1281 1062 1354 que
1082 1260 1132 1329 mi
1151 1258 1248 1331 dette
1266 1273 1301 1330 et
1321 1260 1371 1330 mi
1384 1257 1477 1332 elain
1494 1258 1612 1330 soient
1626 1257 1724 1358 pnies
1740 1273 1779 1332 et

368 1386 543 1460 emendes
557 1409 624 1482 pur
641 1383 675 1454 la
689 1383 786 1455 main
802 1382 848 1453 de
865 1407 940 1454 mes
954 1398 1196 1479 exequutnurs
1211 1384 1244 1454 ci
1259 1381 1407 1454 dossum
1423 1381 1598 1454 nomme'rs.

416 1516 554 1600 «item,
565 1510 603 1604 je
617 1507 691 1578 vuil
709 1521 745 1580 et
763 1505 930 1580 onlonlre
943 1529 1031 1602 que,
1046 1529 1083 1577 se
1097 1506 1135 1601 je
1149 1505 1346 1606 trepassoie
1363 1503 1409 1577 de
1423 1519 1497 1576 cest
1509 1503 1614 1576 siecle
1627 1527 1672 1576 en
1687 1501 1779 1577 l'uu·

371 1651 428 1708 tre
448 1659 529 1707 sens
541 1632 626 1704 hoir
642 1631 738 1728 loyal
749 1631 795 1702 de
810 1655 895 1702 mon
915 1652 1042 1728 corps,
1059 1653 1131 1728 que
1148 1631 1195 1702 cil
1209 1629 1255 1702 de
1274 1655 1350 1702 mes
1367 1631 1478 1702 freres
1494 1631 1556 1727 qui
1577 1631 1685 1702 seroit
1705 1629 1781 1702 due

371 1760 423 1832 de
434 1758 666 1853 Bourgoinne
684 1754 760 1825 hnit
777 1767 880 1825 toute
892 1777 952 1824 ma
964 1767 1059 1825 terre
1075 1777 1148 1850 que
1159 1752 1221 1850 j'ui
1236 1778 1285 1824 ou
1301 1751 1435 1826 duchie
1445 1753 1491 1824 de
1506 1753 1735 1849 Bourgoinne
1744 1769 1783 1826 et

375 1907 434 1956 me
448 1879 659 1980 princee-de
672 1877 811 1970 limes,
839 1875 970 1950 senili
986 1876 1021 1948 la
1039 1878 1221 1974 princesse
1247 1901 1305 1948 ma
1326 1876 1446 1948 chiere
1468 1877 1680 1974 compuigne
1698 1891 1785 1950 tous

375 2032 429 2080 ses
452 2006 569 2094 drois5
596 2017 630 2075 et
650 2027 687 2073 se
706 2003 742 2098 je
766 2000 897 2073 hevoie
916 1999 1001 2070 hoir
1016 1997 1100 2072 loiul
1124 1999 1171 2070 de
1189 2024 1275 2071 mon
1297 2023 1423 2097 corps,
1444 2001 1512 2072 seit
1529 1999 1639 2072 masle
1660 2027 1710 2074 ou
1731 2001 1785 2073 le·
1868 2071 1871 2080 ,

378 2129 501 2218 melle,
527 2153 565 2200 se
589 2127 614 2198 il
636 2141 689 2198 est
705 2125 799 2214 seul,
816 2126 854 2222 je
872 2125 950 2196 vuil
966 2149 1039 2222 que
1062 2123 1088 2196 il
1107 2123 1185 2196 huit
1205 2151 1264 2198 me
1285 2125 1362 2198 dite
1388 2125 1535 2224 princee
1555 2142 1668 2228 et‘ma
1689 2142 1787 2198 terre

372 2257 453 2328 dou
470 2253 606 2328 ducliie
626 2253 672 2324 de
692 2253 933 2346 Bourgoinne‚
949 2265 984 2324 et
1009 2249 1042 2322 le
1059 2251 1124 2322 lais
1140 2265 1176 2322 et
1192 2251 1318 2326 establi
1339 2277 1427 2323 mon
1447 2251 1529 2324 hoir
1549 2252 1632 2326 loiel
1650 2255 1686 2325 et
1704 2253 1787 2326 uni-

379 2378 509 2468 versel;
526 2393 560 2449 et
577 2401 614 2449 se
629 2377 667 2472 je
679 2374 810 2448 huvoie
822 2374 1001 2472 plusieurs
1014 2375 1141 2447 enisus
1154 2375 1283 2447 loiauls
1296 2375 1343 2447 de
1357 2397 1443 2447 mon
1459 2401 1581 2476 corps,
1601 2377 1638 2474 je
1657 2377 1733 2451 vuil
1749 2393 1788 2450 et

379 2501 548 2574 nrdoune
567 2520 639 2597 que
657 2499 682 2570 li
697 2495 834 2570 eiusne
849 2497 959 2570 musle
974 2499 1043 2570 soit
1056 2521 1132 2570 mes
1151 2497 1293 2571 hersen
1311 2525 1369 2572 ma
1387 2501 1534 2599 princes
1557 2499 1679 2573 dessus
1693 2499 1788 2592 dite,

379 2645 416 2701 et
429 2653 501 2726 que
524 2641 626 2698 entre
642 2625 692 2696 les
712 2640 832 2698 autres
854 2627 923 2696 soit
945 2623 1123 2724 departies
1139 2639 1183 2696 et
1195 2623 1329 2698 divisse
1346 2651 1413 2724 par
1429 2626 1535 2725 ygaul
1555 2627 1702 2724 portion
1728 2651 1789 2698 ma

381 2771 475 2826 terre
488 2753 562 2824 dou
584 2749 703 2823 duone
713 2743 768 2822 ue
782 2751 1027 2846 Bourgoinne.

429 2881 559 2966 «Item,
571 2876 608 2972 je
626 2873 733 2946 deins
747 2889 784 2944 et
802 2873 867 2945 lais
879 2897 946 2972 per
963 2895 1034 2946 une
1047 2874 1130 2965 fois,
1148 2889 1245 2973 pour
1259 2875 1310 2948 les
1328 2877 1477 2948 servises
1496 2899 1568 2972 que
1589 2873 1707 2948 m'ont
1724 2875 1790 2948 tait

381 3002 432 3074 les
456 3024 655 3100 personnes
678 3001 712 3074 ci
741 2999 889 3072 dessous
917 2999 1123 3090 nommees,
1149 3001 1200 3072 les
1218 3025 1374 3076 sommes
1396 2999 1442 3074 de
1461 3001 1683 3099 'deniersqui
1698 2999 1790 3074 s’en·

376 3127 562 3198 Sleuvenl.
578 3157 596 3194 s
1476 3127 1480 3136 ⁴
1679 3129 1686 3139 ⁸

430 3249 598 3322 Suituue
613 3249 693 3322 lists
705 3248 751 3320 de
764 3249 956 3320 serviteurs
972 3247 1018 3320 de
1031 3273 1068 3320 sa
1081 3250 1220 3322 maison
1234 3227 1441 3346 nuxquelsil
1453 3249 1516 3321 leit
1529 3250 1649 3322 divers
1664 3275 1796 3322 menus

386 3373 461 3469 legs
486 3371 663 3470 d'urgent‚
692 3374 775 3470 puis
800 3371 834 3448 la
861 3372 1088 3469 designation
1114 3373 1160 3445 de
1188 3397 1243 3446 ses
1273 3373 1482 3446 executeurs
1498 3373 1795 3466 testamentttires,

385 3500 450 3596 qui
468 3511 574 3570 sont:
592 3535 597 3540 ·

433 3651 450 3688 α
466 3625 551 3694 Meu
565 3609 715 3693 chieret
731 3620 811 3695 eme
827 3622 978 3710 cousin,
1002 3615 1375 3715 monseigneur‘llile,
1392 3623 1560 3717 seigneur
1575 3619 1621 3694 de
1639 3627 1795 3721 Noyers3

436 3776 453 3811 κ
468 3741 747 3817 Noble'homme
764 3761 887 3820 nostre
906 3743 986 3818 nme
1003 3757 1039 3816 et
1056 3743 1149 3821 lesui
1168 3743 1365 3840 chevalier,
1390 3747 1648 3842 menseigneur
1665 3751 1683 3820 J
1687 3746 1795 3838 ehun,

388 3872 555 3965 seigneur
568 3868 613 3940 de
626 3868 770 3965 Charny
791 3869 818 3959 ¹3

438 4025 465 4061 e
481 4001 551 4066 Nos
564 3993 662 4066 umes
675 4007 710 4066 et
724 3993 811 4066 leals
822 3993 915 4065 clers
931 3986 1076 4066 maistre
1093 3995 1213 4066 Pierre
1231 4001 1267 4066 el
1282 3997 1425 4067 maistre
1435 3995 1615 4086 ·'l'hihsut;
1706 4017 1710 4031 ¹

438 4150 457 4185 α
474 4119 651 4191 Fournier
668 4118 1045 4210 deSemur,·Estienne
1056 4118 1234 4191 Chenillat
1250 4135 1285 4190 et
1302 4122 1415 4192 Guiot
1426 4121 1472 4192 de
1483 4121 1616 4220 Guilly,
1634 4145 1703 4194 nos
1714 4121 1801 4194 leals

393 4245 503 4318 rullez
516 4247 682 4318 oeeuiers.
701 4273 721 4313 n

442 4377 490 4452 Le
502 4383 694 4442 testament
707 4393 745 4440 se
759 4370 914 4440 termine
931 4371 1041 4442 ainsi:

441 4527 458 4561 α
469 4501 512 4571 Et
527 4517 622 4592 pour
639 4519 680 4567 ce
697 4519 772 4591 que
786 4509 904 4566 toules
920 4509 955 4566 et
969 4482 1168 4566 chascunes
1183 4494 1310 4566 choses
1326 4495 1450 4568 dessus
1466 4495 1568 4588 dites,
1579 4495 1753 4570 ardentes
1767 4513 1803 4570 et

393 4621 565 4718 escriptes
579 4615 698 4689 soient
714 4617 864 4705 estables
885 4634 918 4689 et
937 4619 1151 4690 lermement
1169 4617 1387 4716 accomplies
1405 4635 1441 4692 et
1455 4619 1600 4716 gardees
1613 4674 1622 4710 ,
1635 4621 1683 4718 je,
1698 4627 1802 4719 loys,

394 4745 539 4842 princes
564 4742 688 4817 (lessus
701 4741 756 4814 dis
774 4744 807 4814 si
826 4741 889 4815 suit
909 4757 1038 4815 mettre
1058 4769 1144 4816 mon
1164 4743 1261 4816 seaul
1275 4743 1440 4843 pendant
1458 4770 1503 4819 en
1519 4763 1592 4820 cest
1607 4749 1703 4820 mien
1725 4773 1802 4848 pre·

400 4865 479 4938 sent
495 4879 684 4954 testament
701 4892 749 4938 ou
764 4865 924 4940 derricre
939 4859 1096 4960 volente'3
1114 4883 1150 4945 et
1162 4893 1208 4942 eu
1226 4871 1402 4966 tesmoing
1415 4870 1461 4944 de
1476 4871 1606 4963 verite,
1619 4871 1682 4970 j'ai
1693 4897 1802 4948 encor

428 5074 465 5123 ἸΙ
478 5087 511 5124 ne
524 5073 581 5129 tunt
592 5074 820 5138 ruteeentoudrs
830 5089 891 5128 erec
901 5075 1085 5140 lesetgueurde
1125 5077 1185 5140 plus
1195 5077 1258 5132 d’uu
1268 5075 1347 5132 suere
1357 5079 1495 5134 enm.
1526 5083 1529 5094 ’

396 5165 555 5229 churptgnr.
566 5165 631 5216 deut
649 5165 677 5216 tt
693 5164 790 5215 lsmllle
802 5165 865 5216 tuit
881 5165 974 5216 tultis
994 5166 1085 5228 deputs
