3914 6046
380 624 420 690 st
600 601 966 686 acinacrsmnnns
986 621 1067 684 sun
1087 623 1136 684 m
1156 601 1302 684 nonus
1322 619 1555 709 raiacnss.

380 755 612 854 Champagne
625 754 717 828 dont
730 754 830 852 parle
843 754 878 826 la
893 754 1085 852 Clrronique
1095 752 1139 824 de
1151 759 1267 826 Mom'e
1279 777 1423 826 comme
1435 751 1574 850 envoyd
1586 753 1635 825 do
1647 759 1784 826 France

380 905 447 978 par
463 879 669 952 Guillaume
687 877 733 950 dc
748 878 1012 977 Champ·Litte.
1029 880 1132 950 Voioi
1148 878 1200 950 du
1217 893 1309 950 reste
1326 877 1360 949 la
1376 877 1481 950 lettre
1494 877 1713 950 d²lnncceut
1730 883 1781 952 111

379 1007 445 1104 qui
466 1005 529 1078 fait
544 1010 733 1078 connaitre
746 1005 780 1076 lo
799 1021 962 1077 moment
982 1006 1032 1077 du
1049 1004 1178 1103 ddpart
1196 1005 1242 1076 de
1255 1003 1461 1076 Guillaome
1473 1027 1571 1100 pour
1590 1002 1746 1076 l'ltalie:

429 1159 446 1196 «
461 1131 648 1202 Larisseno
662 1129 943 1228 Archiepiscopo
957 1144 993 1200 et
1009 1129 1181 1228 episcopo
1196 1129 1414 1202 cithoniensi
1432 1128 1493 1225 (de
1506 1129 1702 1225 Zeitouni).

429 1284 447 1321 a
467 1259 519 1326 Ex
539 1255 784 1327 insinuatione
808 1253 1023 1326 venerabilis
1044 1255 1162 1326 lintris
1181 1257 1297 1326 nostri
1319 1253 1584 1352 archiepiscopi
1604 1253 1787 1328 Patrensis

380 1379 587 1476 accepimus
601 1377 716 1475 quhd,
737 1402 821 1450 cum
835 1377 934 1450 hone
952 1379 1128 1450 memorie
1145 1377 1350 1450 Willelmns
1362 1377 1632 1476 Camponiensis
1648 1373 1785 1446 madiam

381 1508 417 1574 in
446 1501 615 1601 Apuliam
641 1506 873 1594 transiturus,
899 1503 1060 1582 nobilem
1082 1505 1201 1574 virum
1228 1508 1420 1598 Hugonem
1442 1502 1489 1574 de
1516 1500 1644 1589 Cham,
1674 1525 1785 1578 suum

380 1627 556 1702 ballivum
579 1643 615 1702 et
635 1642 910 1730 procuratorem
929 1626 1054 1700 fecerit
1072 1626 1292 1724 generalem,
1315 1628 1533 1724 promittens
1552 1625 1705 1696 firmiter
1725 1638 1782 1712 ut,

382 1751 560 1854 quicquid
580 1752 789 1850 disponeret
804 1751 860 1824 vel
884 1751 1050 1840 donaret,
1077 1767 1198 1830 ratum
1219 1750 1369 1824 haberet
1387 1767 1424 1821 et
1440 1749 1606 1837 firmum,
1625 1747 1783 1843 sigillum

381 1877 448 1948 sihi
463 1877 655 1974 proprium
673 1874 956 1966 committendo,
971 1877 1069 1948 idem
1083 1881 1189 1971 Hugo
1206 1877 1344 1975 positus
1359 1877 1396 1946 in
1411 1874 1578 1946 extremis
1590 1887 1720 1946 terram
1735 1871 1784 1944 de

382 2005 488 2072 Larsa
511 1999 658 2074 ecclesie
680 2000 882 2078 Patraccnsi
905 2000 1069 2097 reliquit,
1091 2014 1129 2072 et
1147 1999 1231 2074 licet
1245 1999 1284 2080 id
1299 1999 1534 2097 postmodum
1555 1995 1689 2070 nobilis
1714 1995 1783 2083 vir,

381 2123 578 2199 Gausridus
602 2124 771 2221 princeps
790 2123 923 2202 Achaie
946 2123 1193 2221 approbasset,
1215 2127 1415 2220 spontanea
1434 2121 1620 2200 voluntate
1641 2119 1785 2198 dictum

381 2245 697 2349 archiepiscopum
723 2245 769 2317 de
796 2249 890 2318 terra
918 2247 977 2318 itta
1004 2248 1196 2320 investiens
1219 2246 1343 2323 coram
1369 2246 1513 2337 multis,
1546 2243 1632 2320 ciam
1661 2257 1783 2322 tamen

381 2370 480 2442 idem
499 2371 795 2469 archiepiscopus
811 2370 859 2441 ad
879 2371 1133 2469 percipiendos
1153 2372 1291 2446 fructus
1309 2371 1404 2452 illius
1425 2385 1518 2449 terre
1541 2392 1651 2443 suum
1672 2367 1783 2475 desti·

383 2501 502 2573 nasset
513 2496 704 2586 ballivum,
721 2495 854 2576 nobilis
868 2497 924 2576 vir
941 2502 978 2567 P.
991 2497 1037 2578 de
1052 2497 1275 2586 Becciniaco,
1291 2521 1451 2578 asserens
1463 2521 1501 2568 se
1517 2511 1648 2574 terram
1666 2493 1783 2590 ipsam

383 2622 597 2694 auctoritate
615 2621 790 2724 principis
809 2619 1010 2720 possidere,
1029 2619 1205 2692 ballivum
1223 2621 1342 2718 ipsum
1356 2620 1495 2692 fructus
1505 2618 1692 2717 percipere
1708 2641 1785 2698 non

383 2747 565 2844 permisit,
583 2744 729 2818 eosdem
743 2770 928 2844 occupans
944 2768 1014 2842 pro
1031 2769 1094 2819 suc
1110 2745 1261 2819 arbitrio
1276 2745 1494 2836 voluntarie
1511 2741 1684 2848 quocircir
1701 2747 1785 2821 Fra*

384 2872 546 2942 ternitati
559 2874 683 2942 Vestre
699 2891 765 2967 por
778 2869 974 2978 apostolica
988 2871 1120 2970 scripta
1135 2870 1370 2962 mandamus,
1385 2868 1565 2967 qnatenits
1579 2868 1787 2966 principem

383 3011 420 3066 et
434 2995 595 3068 nobilem
608 3011 827 3076 memoratos
842 3011 881 3068 ut
892 2995 939 3078 ah
953 2997 984 3097 ej
990 2997 1115 3076 usdem
1131 2996 1397 3102 archiepiscopi
1411 3019 1520 3094 super
1535 2993 1611 3076 hoc
1621 2992 1788 3074 indebita

384 3119 636 3200 molestatione
662 3120 851 3210 desistant,
875 3123 1126 3218 permittentes
1147 3120 1318 3192 eumdem
1342 3136 1475 3200 terram
1497 3121 1612 3218 ipsam
1634 3115 1790 3216 pacifice

383 3245 582 3342 possidere,
603 3271 646 3318 ac
665 3245 782 3318 eidem
807 3245 853 3318 de
874 3245 1053 3324 fructibus
1074 3247 1257 3344 perceptis¹
1272 3270 1314 3316 ex
1338 3251 1378 3318 elt
1400 3223 1682 3318 satisfactionem
1706 3241 1786 3322 ido-

384 3391 490 3440 neam
506 3369 734 3460 exhibentes,
748 3395 898 3441 mouere
907 3367 1108 3476 prudenter
1122 3384 1157 3440 et
1167 3367 1362 3441 efficaciter
1373 3367 1546 3448 inducere
1559 3365 1786 3464 procuretis,

385 3493 482 3591 ipsos
498 3491 544 3565 ad
564 3493 652 3584 hoc,
672 3493 702 3566 si
720 3518 864 3566 necesse
880 3494 1006 3584 luerit,
1024 3517 1090 3591 per
1104 3518 1297 3565 censuram
1314 3491 1609 3582 ecclesiasticam,
1624 3487 1787 3598 appella«

385 3621 486 3689 tione
503 3623 660 3708 remoth,
674 3619 767 3689 sicut
784 3617 924 3714 justum
938 3618 1061 3707 suerit,
1081 3615 1353 3714 compellentes.

432 3771 449 3805 «
463 3745 580 3818 Testes
593 3755 714 3810 autem
728 3742 793 3836 qui
812 3741 948 3810 luerint
960 3741 1156 3831 nominati,
1171 3755 1239 3812 etc.

433 3895 449 3928 a
470 3869 602 3935 Datum
622 3841 802 3950 Laterani,
825 3863 933 3934 nonis
946 3863 1181 3953 novembris,
1204 3863 1438 3962 pontificatus
1463 3867 1579 3937 nostri
1603 3861 1787 3955 ann013q

387 3990 527 4084 (1210).
549 4020 564 4052 υ
1215 3969 1218 3974 ’

435 4111 462 4182 ll
477 4113 581 4183 serait
595 4111 750 4211 possible
770 4113 877 4209 qu’en
901 4113 984 4186 ellet
1003 4115 1210 4196 Gnillaume
1230 4115 1276 4186 de
1294 4114 1547 4220 Champ·Litte
1561 4119 1624 4185 etit
1637 4113 1786 4185 nomme

385 4245 530 4336 Hugues
544 4238 589 4320 de
605 4239 743 4346 Champ
758 4239 956 4340 (peut-titre
970 4267 1020 4321 un
1037 4241 1289 4341 Champ·Litte
1303 4267 1369 4318 son
1387 4243 1532 4350 parent)
1547 4265 1641 4350 pour
1654 4238 1726 4320 hail
1739 4239 1789 4310 de·

385 4363 521 4452 Morde3
542 4363 809 4470 qu'apprenant
823 4391 859 4442 sa
879 4381 975 4437 mort
988 4365 1152 4472 pendant
1166 4366 1255 4462 qu’il
1276 4367 1362 4444 dtait
1374 4391 1419 4436 en
1437 4363 1590 4456 Pouille,
1605 4365 1630 4436 il
1649 4364 1700 4436 ait
1719 4389 1787 4446 eu·

383 4489 474 4586 voye‘
489 4515 543 4561 ses
558 4487 673 4588 pleins
686 4487 893 4586 pouvoirsti
909 4491 1081 4594 Geolhoy
1095 4489 1141 4560 de
1158 4487 1444 4578 Ville-Hardoin3
1459 4505 1493 4561 ct
1508 4514 1581 4586 que
1592 4487 1673 4587 plus
1689 4487 1786 4586 tard,

385 4613 501 4684 arrive
514 4638 560 4685 en
575 4619 723 4701 France,
746 4611 770 4682 il
787 4615 836 4682 ait
851 4611 1012 4709 ddsigne,
1031 4639 1174 4684 comme
1191 4613 1223 4684 le
1244 4612 1299 4692 dit¹
1318 4611 1353 4682 la
1370 4611 1579 4714 Chronique,
1591 4639 1657 4685 son
1673 4613 1789 4710 jeune

384 4753 514 4844 parent
540 4739 673 4816 Robert
700 4765 795 4844 pour·
817 4739 903 4819 aller·
922 4741 956 4812 le
980 4739 1179 4844 remplacer
1202 4765 1248 4810 en
1274 4737 1407 4816 Morde.
1436 4743 1489 4851 De
1510 4753 1602 4822 cette
1628 4735 1788 4821 manidre

386 4880 468 4934 tout
486 4863 751 4961 s'expliquerait
772 4881 807 4938 ct
827 4893 863 4936 se
879 4866 1100 4962 justilierait;
1118 4880 1153 4936 et
1171 4865 1217 4936 de
1237 4865 1319 4964 plus
1337 4866 1509 4962 Geoll'roy
1523 4865 1570 4938 de
1589 4863 1788 4937 vlle-Har..

385 4988 474 5060 dcin
495 4989 602 5058 serait
621 4991 947 5062 convenahlement
961 4989 1088 5061 excuse
1102 4988 1147 5060 de
1161 4989 1300 5060 n’avoir
1313 5015 1377 5089 pas
1391 5015 1475 5086 recu
1493 4991 1629 5062 Robert
1644 5015 1689 5060 au
1707 5015 1787 5062 m0-.

386 5129 487 5194 merit
503 5113 550 5188 oh
564 5114 770 5195 Guillanme
787 5115 832 5186 de
846 5113 1096 5216 Champ·Litte
1107 5114 1272 5216 l'envoya
1284 5117 1330 5188 de
1344 5122 1480 5198 France
1495 5142 1581 5188 avec
1598 5142 1652 5198 ses
1667 5115 1788 5222 pleius
