3928 6044
375 651 435 714 am
584 629 969 740 ¹r‘cmmcrssutmrts
990 643 1069 704 sua
1090 641 1137 702 m
1159 618 1303 701 nonde
1325 639 1557 730 ortuense

375 805 515 881 percos
527 775 760 851 diesdecoelo
774 775 954 848 imbribus
963 769 1104 846 assidue
1114 771 1375 862 decidentibus,
1388 789 1539 871 captam
1550 766 1782 848 obsidionem

373 907 431 1004 (id
450 910 600 1004 Optimo
611 903 839 999 Maximoque
854 905 931 972 Deo
945 897 1160 970 inanimum
1175 894 1226 966 illi
1241 912 1473 992 suggerente,
1490 913 1568 968 tum
1581 903 1781 997 Corcyreo·

375 1055 458 1100 rum
471 1029 548 1125 jam
572 1027 665 1098 farne
683 1026 887 1121 frigoreque
905 1022 1148 1120 percuntium,
1164 1043 1248 1092 curn
1264 1035 1384 1091 vestro
1401 1022 1568 1092 omnium
1587 1021 1781 1109 beneficio,

375 1179 459 1226 uam
495 1153 540 1224 eb
566 1151 775 1250 propiorem
811 1147 996 1242 magisque
1023 1147 1061 1215 in
1095 1159 1311 1242 conspectu,
1344 1159 1454 1242 atque
1483 1144 1527 1218 eb
1557 1145 1780 1219 infestiorem

373 1277 515 1353 hostem
534 1278 724 1362 haberetis,
747 1277 775 1345 si
790 1276 826 1344 in
852 1271 942 1344 urbe
955 1274 1092 1370 potitus
1114 1271 1255 1367 fuisset)
1269 1269 1413 1343 decimo
1424 1271 1484 1343 die
1495 1272 1640 1369 penitirs
1656 1273 1779 1362 soluit,

373 1405 531 1477 incensis
551 1404 687 1473 interea
707 1397 927 1470 subto-banis
946 1395 1086 1467 aedibus
1108 1395 1336 1492 amplissimis
1359 1409 1394 1466 et
1413 1391 1507 1493 pene
1530 1395 1778 1468 innumerabi-

373 1532 479 1622 libus,
494 1529 629 1603 sacellis
643 1531 729 1599 item
746 1549 787 1597 ac
805 1523 958 1621 templis,
975 1521 1125 1618 aliisque
1138 1521 1228 1593 locis
1245 1520 1329 1593 cbm
1344 1521 1453 1593 sacris
1476 1537 1554 1592 tum
1565 1521 1779 1620 prophanis,

373 1673 413 1730 et
430 1655 562 1754 quibus
578 1655 729 1750 geminae
740 1671 950 1750 permagna·
967 1649 1128 1720 civitates
1138 1646 1224 1742 erigi
1241 1671 1283 1720 ac
1300 1647 1463 1719 construi
1478 1647 1698 1744 potuissent,
1715 1647 1778 1718 de·

371 1782 589 1876 vastatisque
610 1775 713 1876 prius
732 1775 847 1871 agris,
874 1772 966 1844 villis
979 1771 1249 1868 provinciisque
1265 1785 1412 1868 aspectu
1437 1769 1722 1866 jucundissimis,
1741 1787 1777 1842 et

371 1905 455 1978 vere
477 1901 658 1993 Alcinoiis,
674 1901 865 1997 insulaque
877 1899 1035 1998 plurima
1048 1900 1105 1969 sui
1117 1922 1157 1969 ex
1172 1911 1277 1994 parte
1289 1899 1525 1994 consumpto,
1540 1895 1651 1993 preda
1665 1923 1706 1968 ex
1721 1897 1780 1968 liis

370 2031 529 2127 denique
546 2028 657 2127 quam
681 2027 835 2100 maxima
848 2023 1062 2112 hominum,
1090 2024 1169 2094 auri
1188 2035 1225 2093 et
1244 2023 1399 2117 argenti,
1414 2019 1643 2118 aliorumque
1656 2021 1776 2094 bono·

372 2179 453 2242 rum
477 2153 634 2226 abducta
661 2167 697 2222 et
715 2149 870 2222 navibus
886 2149 1073 2246 imposita3
1092 2171 1175 2244 quae
1191 2147 1315 2217 omnia
1342 2145 1597 2243 rapacissimus
1616 2161 1651 2217 et
1667 2145 1776 2218 alieni

370 2250 687 2379 appetentissimus
694 2274 794 2346 miles
802 2271 1161 2346 Mahumetanusduo
1173 2271 1219 2342 de
1229 2272 1355 2367 viginti
1364 2271 1632 2370 dieromspatio
1644 2277 1778 2344 utGor-

371 2431 492 2505 cyram
519 2407 716 2490 invaserat,
732 2397 1126 2500 passim-depopulatus
1145 2399 1273 2468 fuerat.
1296 2401 1380 2468 llaec
1396 2395 1480 2468 clun
1501 2397 1706 2469 Solimanus
1725 2400 1775 2470 ita

370 2533 515 2627 egisset,
533 2527 750 2624 advocatum
774 2520 821 2599 ad
847 2550 884 2597 se
907 2524 1028 2597 classis
1050 2523 1262 2621 praefectum
1291 2524 1327 2593 in
1345 2521 1631 2621 ¹Hellespontum
1656 2521 1777 2595 redire

366 2658 484 2754 jubet.
514 2661 593 2756 lpse
621 2679 704 2726 cum
736 2652 964 2724 terrestribus
994 2651 1120 2748 copiis,
1149 2653 1258 2722 misso
1285 2651 1431 2720 interim
1462 2649 1509 2721 ad
1537 2671 1604 2720 ros
1621 2654 1778 2721 Venetos

320 2860 324 2868 ,
370 2783 517 2867 nuntie,
540 2782 604 2877 qui
620 2801 843 2878 propensum
868 2787 902 2847 et
924 2775 1144 2847 benevolum
1166 2776 1244 2871 ejus
1259 2776 1424 2846 animum
1441 2789 1646 2861 testaretur,
1665 2787 1702 2844 et
1717 2775 1774 2844 iu·

370 2923 510 3000 tegrum
525 2904 571 2975 ad
590 2909 755 2974 mutuam
774 2899 1108 2974 reconciliationem
1122 2900 1296 2996 utrinque
1313 2898 1470 2970 reditum
1489 2919 1673 2995 superesse
1686 2921 1775 2994 pro·

367 3045 533 3128 poneret,
546 3027 848 3125 Hadrianopolim
858 3027 915 3097 via
924 3025 1109 3097 Candauia
1126 3025 1552 3122 regrediquamprimum
1569 3023 1772 3094 constituit.

368 3153 462 3226 Cirm·
482 3169 603 3226 autem
617 3167 767 3251 propter
778 3148 991 3246 Zaginthum
1007 3147 1127 3220 classis
1144 3171 1185 3220 ea
1198 3147 1536 3248 praeterveheretur,
1555 3148 1690 3218 nautici
1704 3149 1772 3216 mi-

367 3279 445 3350 lites
466 3293 648 3349 nocturno
669 3293 852 3374 tempore,
874 3274 1046 3372 luporttm
1069 3299 1193 3362 more,
1211 3273 1346 3370 quibus
1362 3273 1544 3370 peramica
1559 3295 1629 3342 non
1644 3286 1714 3357 cst,
1733 3272 1770 3342 iu

368 3403 523 3475 insulam
548 3401 788 3490 descendere,
807 3423 848 3472 ac
884 3415 1032 3473 centum
1060 3416 1096 3472 et
1123 3399 1218 3470 ultra
1246 3400 1396 3470 miseros
1417 3411 1589 3492 agrestes,
1614 3419 1706 3494 quos
1731 3419 1775 3467 ex

366 3527 502 3599 diurno
521 3525 645 3597 labore
660 3525 870 3621 defatigatos
894 3539 930 3595 et
952 3537 1145 3622 propterea
1164 3523 1385 3595 dormientes
1401 3525 1636 3610 invenerant,
1659 3520 1776 3618 capti·

368 3677 429 3723 ros
450 3653 584 3748 (immb
598 3653 738 3747 servos)
755 3650 955 3721 reddidere.
979 3649 1082 3720 lllinc
1105 3647 1284 3743 digressus
1305 3646 1511 3746 praefectus,
1528 3669 1611 3717 curn
1634 3649 1772 3741 Zagyu·

365 3776 525 3847 tlriorum
542 3776 671 3846 urbem
692 3799 823 3870 magno
842 3775 1004 3844 virorum
1020 3771 1187 3869 prasidio
1204 3772 1387 3844 firmatam
1406 3771 1632 3867 intelligeret,
1650 3773 1773 3865 etjam

365 3897 410 3970 ud
426 3897 665 3969 resistendum
680 3912 857 3994 paratam,
876 3897 923 3968 ad
942 3895 1133 3993 Cytheram
1150 3921 1294 3968 versum
1311 3897 1438 3986 tenuit,
1455 3900 1663 3991 tentataque
1676 3893 1773 3965 crois

365 4021 460 4094 illius
474 4023 544 4094 loci
566 4023 855 4120 expugnatione,
877 4019 961 4092 cirm
980 4045 1035 4091 res
1053 4045 1093 4091 ea
1106 4045 1238 4118 parum
1255 4043 1295 4091 ex
1306 4009 1394 4092 voto
1408 4020 1633 4119 procederet,
1651 4020 1770 4091 octin-

363 4149 478 4244 gentis
492 4161 527 4218 et
541 4145 634 4217 ultra
653 4145 840 4241 utriusque
853 4148 957 4218 sexos
974 4143 1185 4218 hominibus
1198 4145 1331 4242 captis,
1351 4144 1482 4216 abacto
1506 4145 1655 4240 insuper
1668 4143 1770 4214 omni

361 4265 622 4370 Cythereorum
645 4293 776 4366 pecore
796 4268 879 4339 cum
901 4266 1080 4356 dominis,
1103 4283 1139 4339 et
1159 4270 1341 4340 succensis
1371 4267 1543 4340 domibus
1567 4291 1649 4364 quae
1674 4267 1793 4340 cirea¹
1912 4299 1916 4307 ·

361 4396 539 4497 oppidum
561 4397 646 4468 etin
664 4393 779 4466 insula
806 4394 984 4490 frequenti
1009 4395 1170 4466 virorum
1190 4409 1226 4464 et
1246 4394 1440 4465 mulierum
1476 4395 1581 4491 copiti
1611 4393 1770 4466 nubtura

359 4527 490 4622 passim
509 4537 726 4596 constructae
740 4536 854 4610 erant,
873 4519 958 4591 inde
972 4521 1009 4591 in
1027 4523 1178 4614 AEgeum
1193 4521 1360 4610 revertit3
1378 4519 1557 4615 illatisque
1578 4513 1723 4589 damnis
1735 4531 1771 4588 et

292 4709 296 4716 .
360 4651 460 4722 nralis
481 4649 688 4748 permagnis
707 4661 742 4717 et
766 4646 969 4718 innumeris
988 4646 1026 4716 in
1049 4669 1094 4715 eo
1117 4667 1224 4715 cursu
1249 4647 1432 4716 maritimo
1454 4643 1527 4715 tim
1558 4642 1769 4715 llonemba·

358 4773 533 4847 aiensibus
544 4771 654 4870 (quam
679 4771 935 4869 Neapolitanis,
953 4768 999 4840 ad
1016 4767 1181 4863 AEgirram
1201 4789 1277 4838 non
1296 4767 1494 4864 ignobilem
1510 4766 1677 4856 insulam,
1691 4789 1768 4838 ma·

360 4899 489 4969 ritimis
504 4897 704 4968 fortissimis
719 4897 804 4967 viris
818 4895 1045 4991 frequentem
1062 4917 1105 4964 ae
1119 4893 1204 4964 satis
1216 4889 1432 4990 opulentam
1447 4891 1650 4964 contendit.
1661 4893 1770 4989 Aqua

358 5023 442 5098 cium
457 5049 530 5094 nou
547 5021 675 5121 procul
691 5021 838 5110 abesset,
854 5021 1044 5120 praemissis
1055 5019 1198 5091 nunciis
1211 5019 1257 5090 ad
1273 5019 1403 5092 urbem
1420 5033 1613 5118 pretorem
1626 5032 1662 5088 et
1674 5018 1772 5089 eires

357 5149 402 5221 ad
422 5146 646 5219 deditionem
659 5145 741 5215 rirnr
763 5145 947 5244 promissis
966 5157 1043 5213 trrm
1058 5145 1166 5215 minis
1184 5142 1352 5215 solicitat,
1372 5141 1768 5214 Reorrsantibusautem
