3928 6044
374 589 435 657 aso
593 563 963 645 nominassemus
983 569 1063 638 sna
1084 572 1134 638 m
1148 549 1304 636 vuonna
1325 567 1558 662 sammua.

374 713 611 788 tullo-Adam.
643 718 694 786 En
727 707 840 809 1527,
866 707 1116 798 Barberousse,
1138 728 1206 782 son
1234 702 1374 794 amiral,
1405 703 1481 802 prit
1504 705 1713 802 possession,
1738 703 1785 778 de

376 845 491 916 Naxos
505 864 554 914 au
580 863 669 913 nom
687 836 734 916 de
752 835 930 922 soliman,
953 849 989 906 et
1005 831 1111 904 laissa
1131 837 1149 904 J
1153 854 1220 902 ean
1240 827 1333 905 dans
1349 854 1418 905 son
1438 827 1574 917 duehs,
1591 830 1681 904 mais
1699 821 1807 902 sous‘

382 965 418 1038 la
439 963 739 1036 reconnaissance
764 960 811 1032 de
830 954 864 1031 la
891 963 1010 1030 Porta.
1036 960 1090 1028 En
1116 953 1206 1053 1537
1224 959 1312 1028 lean
1330 951 1457 1026 ecrivit
1469 952 1490 1026 “a
1504 968 1598 1027 cette
1614 955 1784 1028 occasion

376 1090 411 1163 la
430 1089 536 1163 lettre
562 1089 725 1161 suivante
745 1111 814 1158 aux
836 1085 1045 1184 puissances
1070 1065 1329 1154 chrcri'ennes:

424 1213 603 1286 «loannis
627 1211 743 1308 Crispi
763 1209 864 1304 AEgei
885 1207 993 1280 maris
1018 1205 1181 1301 Naxique
1206 1201 1325 1293 ducis,
1350 1201 1527 1302 Birantini
1556 1202 1787 1301 imperatoris

333 1353 339 1364 ·
378 1335 575 1425 tributarii,
592 1333 639 1406 ad
656 1331 870 1406 Pontificem
890 1333 1111 1438 Romanum,
1130 1343 1168 1400 et
1186 1325 1409 1400 Christianos
1426 1325 1613 1424 principes
1623 1326 1784 1424 epistola.

425 1489 443 1526 α
460 1463 619 1531 loannes
639 1459 788 1554 Crispus
812 1455 912 1550 AEgei
934 1453 1044 1526 maris
1072 1468 1108 1524 et
1128 1451 1216 1524 Naxi
1239 1449 1331 1542 dux,
1353 1449 1532 1522 bizantini
1556 1451 1786 1550 imperatoris

380 1581 610 1673 tributarius,
631 1579 743 1652 Paulo
773 1580 880 1652 tertio
909 1583 1072 1650 Romano
1097 1573 1265 1649 Pontifici
1287 1587 1325 1646 et
1346 1572 1475 1646 Carolo
1498 1570 1629 1671 quinto
1655 1577 1787 1646 Roma·

379 1729 516 1782 norum
531 1705 740 1804 imperatori
757 1727 800 1776 ac
812 1693 1042 1774 Ferdinando
1057 1703 1308 1786 Romanorum
1323 1713 1359 1770 et
1374 1697 1565 1770 Francisco
1579 1696 1787 1802 Gallorum,

380 1845 492 1930 atque
509 1830 659 1928 reliquis
675 1827 833 1925 regibus,
854 1843 889 1900 et
905 1824 1136 1926 principibus
1151 1819 1372 1896 christianis.
1391 1826 1429 1895 S.
1450 1827 1492 1896 D.

428 1983 447 2022 e
466 1957 613 2046 Quanta
634 1953 749 2024 animi
770 1951 1083 2038 consternatione,
1104 1962 1318 2046 quantoque
1336 1945 1466 2018 dolore
1482 1971 1525 2018 ac
1544 1947 1710 2020 cruciatu
1729 1969 1790 2019 me

381 2101 424 2158 ac
444 2075 524 2152 mea
545 2077 671 2150 omnia
686 2077 882 2174 Byzantino
902 2090 1057 2172 tyranno
1081 2071 1304 2164 dediderim,
1325 2095 1404 2144 non
1428 2073 1572 2168 ignorat
1595 2077 1709 2164 Deus,
1729 2072 1789 2145 ille

382 2228 482 2275 unus
507 2201 661 2274 humani
686 2199 808 2272 cordis
829 2198 1055 2295 humanique
1082 2196 1226 2280 consilii
1249 2211 1498 2295 perscrutator
1526 2213 1564 2269 at
1587 2197 1804 2296 inspector,¹

382 2348 675 2422 arcanorumque
694 2325 862 2396 omnium
886 2322 1064 2419 cognitor.
1077 2326 1140 2412 ,Nc
1161 2335 1286 2394 autem
1308 2345 1372 2392 vos
1394 2321 1502 2392 etiam
1520 2320 1635 2413 fallat,
1660 2323 1734 2420 qud
1751 2321 1789 2394 id

383 2447 430 2520 de
440 2449 546 2520 causa
559 2446 693 2520 factum
702 2448 762 2540 sit,
778 2447 852 2544 qub
861 2445 1008 2518 brevius
1016 2460 1147 2544 potero
1160 2443 1362 2544 explicabo.
1373 2444 1562 2542 Siquidem
1571 2443 1658 2517 ciam
1671 2461 1790 2518 vestra

384 2575 564 2674 imprimis
579 2573 680 2646 baud
694 2549 806 2648 dubie
815 2573 972 2663 intersit,
1000 2570 1234 2644 vehementer
1253 2585 1360 2670 opt0‚
1386 2572 1578 2655 nonenim
1596 2569 1791 2645 excusandi

384 2703 457 2774 mei
476 2699 618 2792 studio,
641 2698 752 2797 quam
769 2701 885 2772 vestra
904 2697 1067 2796 ipsorum
1092 2695 1228 2787 salute,
1248 2721 1295 2768 ue
1309 2695 1508 2768 christiano
1524 2697 1639 2769 desim
1655 2696 1794 2788 officio,

386 2826 484 2900 idem
513 2849 662 2924 quoque
680 2823 924 2924 particulatim
946 2823 1078 2896 nostris
1104 2821 1216 2894 literis
1247 2819 1353 2892 vobis
1373 2821 1614 2894 innotescere.
1633 2821 1792 2894 Proinde

317 2954 318 2960 ’
384 2949 530 3022 attentis
550 2946 700 3020 auribus
720 2960 755 3018 et
778 2947 909 3019 animis
924 2969 1002 3018 rem
1021 2969 1171 3018 omnem
1187 2959 1228 3016 ut
1248 2967 1324 3017 sese
1342 2943 1455 3017 babet
1474 2966 1597 3042 quaeso
1623 2944 1789 3043 accipite.

384 3077 475 3146 Cum
492 3073 662 3172 proximo
682 3073 805 3169 itaque
829 3071 923 3144 maio
945 3085 980 3142 et
996 3070 1103 3167 junio
1126 3068 1147 3142 ὲ
1171 3073 1288 3146 Ponto
1308 3085 1345 3144 et
1372 3070 1597 3168 Propontide
1615 3071 1792 3142 maximus

385 3197 591 3270 Solimauus
611 3209 758 3268 centum
777 3211 812 3268 et
830 3195 1095 3293 quinquaginta
1115 3195 1291 3284 triremes,
1307 3218 1349 3265 ac
1366 3193 1523 3266 biremes
1536 3196 1737 3291 octoginta,
1756 3209 1793 3267 et

385 3337 516 3422 praeter
532 3321 597 3393 bas
625 3320 859 3420 hippagines‚
886 3345 928 3392 ac
958 3321 1160 3406 onerarias,
1190 3333 1226 3392 et
1253 3321 1433 3392 actuarias
1456 3335 1566 3394 na'ves
1585 3335 1734 3393 centum
1756 3333 1792 3394 et
1919 3381 1923 3393 .

385 3447 627 3548 septuaginta,
642 3461 865 3544 centumque
878 3444 984 3517 simul
1004 3443 1074 3516 alia
1094 3469 1168 3516 non
1184 3445 1294 3518 unius
1308 3447 1452 3542 g'encris
1471 3446 1632 3544 navigia,
1661 3443 1792 3518 eodem

385 3587 550 3672 tempore
571 3573 692 3672 primo
710 3573 747 3643 in
763 3575 912 3668 AEgeum
926 3594 1046 3661 mare,
1064 3593 1107 3642 ac
1122 3569 1277 3644 subinde
1291 3571 1329 3642 in
1351 3571 1517 3664 lonium,
1540 3573 1628 3646 etin
1645 3571 1793 3644 Hadria·

385 3699 521 3786 ticum,
545 3695 695 3768 demum
718 3695 765 3767 ad
783 3696 883 3795 Epiri
902 3693 1024 3767 littora
1046 3694 1236 3784 emisisset,
1262 3695 1337 3794 ipsc
1363 3697 1495 3768 itinere
1521 3695 1686 3770 terrestri¹
1706 3719 1792 3769 cum

386 3834 535 3891 centum
551 3833 587 3890 et
604 3817 745 3918 aliquot
760 3817 855 3890 ultra
876 3817 1052 3910 millibus,
1074 3819 1207 3918 partim
1221 3818 1424 3916 equitibus,
1444 3821 1577 3919 partim
1591 3818 1792 3919 peditibus,

387 3941 490 4014 nullo
516 3967 591 4015 non
609 3967 796 4016 armorum
812 3968 854 4016 ac
868 3943 1025 4015 telorum
1042 3968 1172 4040 genere
1186 3946 1371 4018 instructis
1390 3946 1485 4043 (quac
1509 3947 1633 4018 omnia
1660 3945 1793 4045 procul

387 4065 502 4139 dubio
516 4065 564 4140 ad
578 4092 682 4140 aures
696 4083 829 4141 vestras
842 4069 1054 4170 pervenere)
1068 4069 1327 4168 Appolloniam
1344 4085 1480 4143 rectam
1499 4070 1707 4163 contendit,
1723 4076 1793 4144 lta·

387 4191 498 4264 licum
520 4189 657 4264 bellum
681 4193 756 4264 sive
781 4191 878 4266 solus
902 4209 1033 4292 sponte
1057 4197 1139 4286 sua,
1168 4219 1232 4268 seu
1251 4219 1336 4268 curn
1354 4196 1463 4267 sociis
1481 4195 1713 4296 principibus
1732 4196 1795 4294 (ut

387 4317 482 4389 sama
496 4317 592 4414 crat)
608 4341 652 4389 ex
672 4315 845 4416 condicto
862 4318 984 4416 primo
1003 4341 1152 4418 quoque
1167 4335 1333 4420 tempore
1351 4334 1598 4418 suscepturus.
1614 4325 1660 4392 Ut
1683 4320 1795 4417 igitur

387 4441 473 4516 illuc
487 4441 638 4542 appulit,
660 4444 836 4546 majorem
854 4457 890 4514 et
905 4442 1089 4516 meliorem
1107 4443 1226 4516 classis
1236 4459 1394 4542 partem,
1408 4444 1446 4517 in
1463 4447 1536 4542 qud
1554 4445 1680 4519 decem
1695 4444 1794 4518 mille

387 4571 527 4669 pedites
556 4570 669 4644 lectos
698 4585 734 4644 ct
762 4569 854 4642 duos
882 4569 981 4642 milla
1011 4569 1151 4667 equites
1182 4569 1452 4644 robustissimos
1478 4572 1721 4670 imposuerat,
1755 4573 1793 4644 iu

390 4693 581 4792 Appuliam
603 4695 784 4794 praemisit.
804 4698 893 4783 Quae
912 4694 1042 4793 copiae,
1065 4694 1159 4766 utin
1180 4695 1588 4768 continentemiuerunt
1607 4697 1796 4795 expositae,

389 4819 526 4918 oppida
541 4835 576 4892 et
595 4821 703 4894 urbes
717 4821 870 4919 aliquot,
884 4819 989 4892 brevi
1006 4834 1170 4919 tempore
1183 4817 1369 4893 deditione
1381 4820 1429 4893 ab
1447 4811 1576 4894 incolis
1593 4820 1689 4894 ultrb
1701 4822 1797 4895 facta

388 4944 522 5042 partim
536 4943 735 5018 barbaricae
751 4945 888 5034 classis,
900 4943 1156 5042 barbaricique
1170 4959 1307 5020 terrore
1329 4947 1519 5036 exercitus,
1542 4970 1653 5043 quem
1677 4946 1796 5042 majus

388 5069 428 5143 in
441 5067 518 5142 dies
536 5068 802 5142 incrementum
814 5083 1051 5167 accepturum
1065 5067 1259 5162 ferebatur,
1276 5071 1409 5168 partim
1426 5071 1535 5145 etiam
1553 5093 1664 5171 opera
1678 5069 1795 5167 reguli
