3846 6044
264 656 478 724 cruuntur
501 659 540 719 rr
558 658 614 720 ue
636 657 958 724 unumunurn
979 659 1129 723 rnrncr
1146 661 1201 722 ur
1221 642 1372 723 neuun.
1463 661 1519 723 ns

127 785 309 878 desumit,
326 788 477 885 jusques
494 785 514 860 l
534 803 613 862 tent
630 813 703 886 que
724 805 847 862 nostre
863 790 1003 881 culum,
1024 816 1073 862 ou
1093 814 1232 862 aucuns
1247 791 1294 863 dc
1309 814 1375 864 nes
1394 789 1520 864 astans

129 939 148 1008 y
168 915 320 986 venroit.
338 920 383 985 Et
403 939 441 988 se
459 930 580 990 nostre
599 915 724 990 anlant
742 917 806 1014 qul
823 944 845 1015 y
866 916 1056 990 venrolent
1079 916 1271 990 n’estoieut
1295 917 1342 992 de
1362 941 1463 1014 uage,
1484 934 1520 990 et

125 1038 342 1136 l’ernpereris
365 1052 488 1114 nostre
509 1041 603 1114 lame
619 1067 717 1116 ruere
737 1039 760 1114 l
779 1067 839 1114 ces
860 1041 986 1114 culeus
1008 1043 1020 1112 i
1043 1044 1188 1134 renoit,
1202 1043 1228 1114 il
1256 1041 1522 1116 renderoientlt

132 1162 352 1264 l'empereris
359 1164 394 1236 le
402 1164 551 1256 chestel,
563 1181 599 1238 et
609 1166 664 1240 ele
672 1166 705 1238 le
712 1166 892 1262 garderult
906 1191 954 1240 sn
968 1167 1209 1260 mainbornie
1222 1184 1299 1241 tent
1309 1191 1381 1266 quc
1390 1167 1416 1240 li
1429 1167 1523 1240 nins-

12 1353 13 1356 ,
131 1291 190 1363 nes
203 1294 267 1389 qui
287 1293 299 1363 i
315 1293 424 1364 seruit
437 1317 550 1365 venus
566 1293 675 1366 scroit
689 1291 734 1364 de
747 1319 845 1390 aege.
862 1301 905 1366 Et
921 1319 958 1366 se
972 1293 1005 1366 ln
1018 1319 1117 1368 mere
1132 1319 1179 1368 ne
1194 1298 1331 1387 remit,
1351 1311 1387 1368 et
1400 1311 1524 1368 nostre

12 1475 13 1480 ,
129 1415 252 1488 ansant
272 1417 390 1488 venist
402 1433 437 1488 et
453 1442 500 1490 ne
521 1418 591 1491 suet
605 1417 651 1490 dc
663 1441 768 1513 aege,
784 1417 809 1490 li
824 1418 956 1490 devant
969 1419 1025 1492 dit
1040 1419 1270 1512 chastelains,
1288 1421 1426 1513 dolans,
1440 1421 1524 1494 cha-

12 1495 14 1580 l
133 1541 259 1632 noine,
293 1542 388 1614 clerc
426 1559 461 1614 et
495 1558 639 1638 sergent
672 1541 875 1618 obeiroient
908 1567 955 1616 au
988 1544 1124 1618 devant
1160 1546 1219 1618 diz
1244 1550 1315 1637 roi,
1357 1549 1459 1620 ruine
1488 1561 1524 1618 et

130 1681 271 1756 cuntes,
286 1667 317 1740 si
329 1689 414 1740 cnm
435 1667 459 1740 il
474 1683 531 1740 est·
543 1667 650 1742 desus
661 1667 730 1758 dit,
742 1667 893 1766 jusques
906 1668 926 1740 l
940 1668 1050 1765 l’nage
1072 1668 1232 1742 d’aucun
1250 1671 1299 1742 de
1320 1695 1379 1742 ces
1400 1669 1527 1742 enfans

12 1835 14 1904 μ
130 1790 191 1884 qui
211 1791 224 1860 i
243 1792 402 1862 seroient
413 1813 540 1862 venus.
556 1795 600 1862 Et
615 1790 671 1862 s’il
687 1793 831 1864 urenoit
847 1791 957 1864 chose
973 1815 1044 1890 que
1062 1818 1148 1882 uos,
1165 1813 1232 1891 pur
1253 1815 1396 1866 aucune
1415 1815 1526 1868 avan·

133 1924 208 1984 ture
220 1965 231 2000 ,
244 1913 420 1986 seussions
432 1915 522 2011 pris,
534 1913 626 1986 dont
640 1916 749 1988 Dieus
762 1939 831 1987 nos
843 1914 1025 1992 delleude!
1043 1939 1113 2014 por
1126 1915 1192 1986 nul
1206 1915 1296 2014 peril
1313 1939 1359 1987 ne
1373 1939 1442 2014 por
1459 1915 1524 1987 nul

134 2036 305 2110 merenies
316 2036 362 2110 de
375 2052 497 2110 nostre
515 2063 616 2127 cors,
636 2063 683 2110 ue
709 2037 756 2110 dc
772 2054 868 2111 mort
890 2063 937 2110 ne
960 2039 1007 2112 de
1027 2039 1146 2130 vle,il
1169 2064 1216 2110 ne
1236 2039 1468 2111 renderoient
1493 2039 1527 2109 le

136 2160 266 2234 chnstel
284 2185 352 2260 por
377 2161 441 2234 nul
468 2178 570 2236 autre
596 2162 915 2236 commandemeut
941 2189 1013 2261 que
1037 2189 1105 2236 nos
1128 2163 1209 2236 leur
1228 2145 1391 2237 censione
1417 2165 1526 2252 scire,

126 2263 309 2380 jusqueslr
334 2299 412 2358 tant
434 2311 510 2382 que
535 2309 602 2358 nos
625 2287 792 2361 luissions
815 2311 861 2359 an
888 2303 1010 2360 nostre
1035 2287 1173 2360 delivre
1196 2286 1331 2386 poeste.
1360 2293 1403 2359 Et
1425 2311 1463 2360 se
1482 2289 1529 2360 de

12 2395 13 2454 l
132 2434 193 2482 nos
210 2411 309 2484 etde
324 2436 393 2484 uos
415 2412 542 2485 enfans
559 2411 721 2486 delulloit
745 2438 828 2486 sens
843 2414 901 2484 cir
916 2413 962 2485 de
979 2412 1036 2484 lor
1059 2438 1187 2512 corps,
1203 2413 1227 2484 ll
1248 2414 1482 2485 renderoient
1497 2411 1530 2485 le

12 2523 13 2614 J
132 2531 296 2606 chastelet
320 2551 442 2608 nostre
455 2561 555 2608 seror
570 2535 733 2610 ains-nee
752 2537 985 2632 Marguerite,
1007 2552 1170 2608 contesse
1186 2537 1233 2608 de
1246 2538 1360 2609 Viene
1377 2535 1462 2608 s⁷ele
1474 2561 1529 2608 es·

12 2713 13 2716 ,
133 2657 196 2728 toit
211 2658 291 2729 vive
306 2657 409 2757 apres
422 2659 456 2730 le
473 2657 580 2732 decen
594 2660 642 2732 de
657 2683 726 2732 nus
740 2671 776 2732 et
789 2659 836 2731 de
849 2685 917 2732 noe
929 2660 1073 2750 anfuns3
1090 2675 1127 2732 et
1139 2659 1222 2732 s’ele
1239 2683 1286 2732 ne
1299 2661 1413 2732 vivoit
1427 2659 1530 2758 apres

131 2780 161 2852 le
181 2780 290 2856 denes
309 2783 355 2856 de
374 2809 441 2856 nos
467 2783 567 2856 etde
590 2809 658 2858 nos
678 2785 825 2874 enfans,
853 2783 878 2856 il
905 2784 1135 2856 renderoient
1158 2784 1192 2855 le
1215 2785 1349 2858 chastel
1369 2784 1390 2855 ὲ
1407 2800 1530 2856 nostre

131 2921 229 2978 autre
244 2931 351 2978 soror
373 2907 531 2996 tubiae,
547 2907 653 2984 dume
668 2907 715 2982 de
738 2913 924 3006 Montagu.
941 2913 985 2980 Et
999 2933 1037 2979 sc
1052 2909 1077 2980 il
1093 2908 1268 2981 dellclloit
1283 2909 1330 2980 dc
1350 2933 1417 2980 nos
1427 2909 1531 2980 'deur

131 3033 270 3103 selours
281 3029 414 3103 devant
428 3031 535 3122 dites,
549 3032 642 3104 ainsi
655 3055 727 3128 que
743 3031 789 3104 de
804 3057 871 3104 nos
887 3047 923 3106 et
941 3031 988 3104 de
1002 3057 1071 3104 nos
1087 3033 1231 3125 enfans,
1249 3030 1353 3132 apres
1375 3033 1409 3104 le
1426 3031 1531 3106 declts

133 3152 174 3226 de
192 3179 263 3228 uos
285 3153 383 3228 etde
398 3180 465 3226 nos
480 3155 608 3228 enfans
625 3155 651 3227 il
678 3155 910 3230 reudernient
925 3155 960 3228 le
978 3155 1112 3228 chestel
1133 3155 1156 3228 t
1170 3172 1293 3229 nostre
1308 3171 1412 3230 autre
1432 3181 1532 3230 seror

131 3277 263 3378 Agnes,
276 3281 454 3376 pnncesse
466 3278 510 3354 de
523 3279 679 3374 Achaye.
702 3285 745 3352 Et
758 3305 797 3352 se
810 3279 856 3352 de
877 3293 969 3352 tores
986 3305 1047 3352 ces
1064 3281 1152 3352 trois
1166 3279 1300 3352 devant
1319 3281 1412 3352 dites
1432 3305 1533 3353 seror

134 3419 270 3488 nostres
286 3403 462 3492 deltaloit,
478 3405 556 3478 eins
572 3430 645 3502 quc
663 3404 795 3477 denos
813 3404 980 3478 dellnusit
999 3420 1035 3476 et
1053 3405 1183 3477 denos
1203 3407 1354 3496 enfans,
1378 3404 1481 3504 apres
1498 3405 1532 3478 le

134 3525 235 3602 deccs
257 3528 304 3604 tle
322 3553 389 3603 uus
411 3529 511 3602 etde
537 3553 603 3602 nos
624 3529 752 3603 enfans
769 3528 795 3600 il
813 3527 1097 3600 runderoientle
1120 3527 1256 3600 clrestel
1277 3553 1315 3601 ns
1337 3530 1464 3601 enfans
1486 3530 1533 3601 de

134 3650 320 3736 laius-nee
337 3677 454 3743 seror;
470 3669 506 3728 ct
520 3676 589 3750 por
603 3651 706 3727 nules
720 3650 865 3724 noveles
878 3652 943 3748 qui
957 3653 1075 3723 veniet
1092 3651 1138 3723 de
1153 3665 1276 3723 nostre
1289 3650 1393 3724 deces
1412 3675 1458 3724 ne
1472 3651 1532 3725 del

136 3775 236 3851 deces
245 3777 292 3850 de
302 3803 368 3850 nos
381 3778 520 3869 enfans,
531 3777 555 3849 il
565 3803 612 3848 ne
626 3777 857 3850 randeroicnt
868 3777 902 3850 le
913 3775 1059 3867 chestel‚
1073 3801 1110 3849 se
1121 3775 1212 3848 n’cst
1224 3775 1333 3874 parle
1343 3799 1532 3850 comman-

134 3903 280 3976 dement
292 3919 327 3978 et
341 3903 373 3978 le
391 3905 632 4000 tesmoignuge
644 3905 678 3976 le
692 3905 745 3974 roi
759 3903 808 3976 de
823 3908 976 3992 France,
993 3927 1043 3974 ou
1056 3902 1103 3974 de
1119 3901 1153 3974 la
1171 3901 1274 3974 roine
1289 3901 1463 3994 Blanche,
1481 3929 1531 3974 nu

134 4029 194 4103 des
208 4031 346 4104 devant
359 4030 418 4104 diz
429 4045 560 4104 cortes
572 4031 696 4104 freiree
712 4029 788 4104 dou
802 4031 877 4118 roi,
896 4055 945 4101 ou
964 4050 1032 4127 par
1044 4054 1165 4100 aucun
1186 4027 1300 4100 d’aus.

178 4161 364 4236 cursores
382 4155 433 4230 les
452 4155 578 4228 choses
597 4154 729 4230 devant
741 4154 836 4228 dites
857 4170 923 4226 ont
941 4153 1024 4250 jur—t
1048 4155 1116 4226 tuit
1134 4153 1159 4224 li
1181 4153 1377 4226 chestelain
1402 4155 1447 4226 de
1466 4176 1534 4226 nos

135 4278 332 4369 chastiaus,
356 4279 488 4352 c'estlt
516 4281 666 4354 saveir:
691 4277 717 4352 li
742 4277 976 4367 cltasteluius‚
1005 4277 1030 4348 li
1057 4277 1206 4366 dolans,
1229 4277 1255 4349 li
1283 4278 1483 4368 chenoine,
1508 4276 1533 4350 li

137 4402 228 4476 clerc
245 4419 280 4475 et
292 4403 317 4478 li
333 4419 475 4500 sergent
487 4403 562 4476 dou
577 4402 737 4476 chastiau
752 4402 799 4474 de
812 4407 959 4491 Naururt
975 4401 1063 4473 -li
1076 4401 1289 4474 chastelains
1301 4417 1338 4473 et
1350 4402 1375 4472 li
1390 4418 1533 4496 sergent

136 4525 208 4598 dou
223 4526 382 4600 chastinu
396 4527 443 4599 de
456 4527 625 4617 anines;
635 4569 684 4582 --
697 4527 722 4598 li
735 4525 949 4600 chestelains
969 4541 1004 4597 ct
1021 4525 1047 4596 li
1066 4541 1208 4621 sergent
1221 4525 1295 4597 dou
1311 4525 1470 4596 clrestiau
1486 4525 1533 4597 de

137 4655 298 4725 Hannon.
316 4658 359 4724 Et
373 4675 414 4725 ce
428 4677 579 4727 mesmes
595 4651 721 4724 dolent
736 4653 837 4748 jurer
855 4651 924 4724 tuit
934 4650 960 4721 li
979 4649 1176 4724 chestelain
1190 4703 1201 4737 ,
1217 4649 1242 4719 li
1264 4649 1395 4737 dolen,
1416 4649 1485 4720 tuit
1504 4649 1530 4721 li

141 4774 317 4850 chancine
334 4793 370 4848 et
385 4779 456 4850 tuit
471 4777 496 4848 li
510 4793 652 4872 sergent
662 4775 811 4874 qu'ony
827 4800 1005 4848 recevera.

183 4905 255 4972 «Et
268 4926 338 4999 por
355 4924 396 4972 ce
409 4925 481 4997 que
500 4916 594 4972 ceste
615 4899 725 4972 chose
749 4899 818 4970 lust
836 4898 919 4996 plus
937 4897 1086 4985 estable,
1108 4921 1173 4968 nos
1193 4922 1305 4968 avons
1327 4896 1456 4994 signies
1476 4925 1534 4971 ces

144 5019 258 5095 lettres
277 5023 323 5095 de
341 5038 464 5096 nostre
473 5025 573 5120 signe
586 5021 750 5120 imperial
764 5037 800 5092 et
818 5019 979 5092 bunede
998 5034 1119 5091 nostre
1132 5019 1232 5092 bulle
1248 5020 1294 5092 de
1314 5019 1427 5120 plom.

186 5175 201 5208 u
214 5149 277 5216 Ces
290 5145 410 5218 lettres
425 5147 546 5218 lurent
562 5143 694 5218 laiteslt
713 5149 817 5236 Rem,
833 5143 866 5214 le
884 5143 1059 5215 mercredi
1074 5141 1177 5255 apres
1194 5144 1224 5218 le
1242 5145 1327 5218 leste
1341 5148 1434 5218 seint
1451 5155 1534 5220 Bar·

257 5279 297 5334 1¹²
313 5288 450 5335 rrrrre.
1357 5277 1394 5332 19
