3914 6046
700 675 1019 741 INTRODUCTION.
1518 681 1557 741 33

160 809 267 882 ditm
285 809 337 880 ad
352 807 514 908 homagia
536 824 571 880 et
595 801 711 880 omniu
735 813 770 880 in
793 811 918 909 quibus
936 811 1034 882 vobis·
1058 826 1092 880 et
1113 814 1181 907 ipsi
1201 809 1404 881 tenebamur
1418 813 1557 908 inpane

162 933 292 1033 ubt'que
310 950 347 1004 et
358 936 586 1032 peremnia,
610 936 699 1005 secut
716 933 816 1008 vodis
841 935 1045 1006 tenebantur
1067 934 1252 1022 lactentis,
1274 933 1317 1004 de
1334 949 1442 1005 cetere
1464 950 1555 1004 tene-

161 1076 280 1131 antur.
309 1057 442 1132 Ceditis
462 1061 621 1157 iusuper,
642 1059 747 1148 datis,
766 1060 965 1130 conceditis
989 1077 1024 1131 et
1042 1059 1185 1130 donatis
1205 1060 1328 1150 nohis,
1355 1061 1558 1158 nostrisque

161 1191 199 1260 in
226 1185 397 1286 predicto
420 1211 532 1280 regno
560 1183 773 1274 heredibus,
802 1201 915 1258 totam
937 1202 1068 1258 terram
1091 1211 1202 1283 quam
1226 1184 1448 1258 Michalicins
1475 1187 1556 1257 des·

160 1329 272 1412 potus
288 1310 386 1383 dotis
405 1335 468 1383 seu
482 1335 718 1410 quocumque
737 1309 808 1382 alio
822 1309 928 1382 titulo
942 1310 1059 1400 dedit,
1076 1310 1222 1382 tradidit
1238 1325 1275 1382 et
1293 1311 1469 1383 concessit
1486 1314 1557 1384 He·

162 1435 245 1508 leue
268 1435 343 1506 filie
358 1459 422 1506 sue
441 1434 563 1506 relicte
586 1435 772 1532 quondam
793 1434 980 1520 Manlredi,
1004 1434 1092 1506 olim
1113 1436 1286 1532 principis
1305 1436 1503 1524 Tarentini,
1521 1451 1557 1508 et

167 1589 273 1662 quatu
295 1561 393 1633 idem
414 1559 620 1632 Manfredus
642 1575 677 1632 et
694 1561 880 1658 quondam
902 1559 1091 1658 Philippus
1109 1558 1314 1634 Chiuardus
1334 1559 1413 1658 (qui
1433 1585 1470 1632 se
1488 1586 1556 1659 pro

167 1686 315 1784 predicti
330 1686 433 1780 regni
449 1669 640 1756 ammirato
657 1685 818 1780 gerebat)
840 1683 929 1754 ditm
949 1685 1110 1755 viverent
1128 1699 1337 1768 tenuerunt,
1359 1709 1557 1782 omnesque

167 1810 298 1882 insulas
310 1808 357 1881 ad
370 1808 508 1880 dictum
522 1808 716 1904 imperium
726 1823 824 1879 extra
838 1813 971 1878 Bucam
986 1807 1086 1878 nvidi
1096 1809 1331 1905 pertinentes,
1346 1809 1502 1906 exceptis
1515 1811 1558 1880 iis

161 1951 338 2034 quatuor,
357 1932 525 2007 videlicet
542 1930 759 2022 Methellina,
777 1937 896 2024 Samo,
914 1938 1014 2028 hugo
1031 1930 1127 2031 (Cos)
1148 1948 1184 2004 et
1201 1931 1308 2018 Chic,
1329 1957 1418 2028 quas
1438 1933 1555 2020 vohis,

161 2059 364 2156 vestrisque
379 2057 643 2130 successoribus
656 2073 692 2128 et
706 2057 823 2129 eidem
845 2057 997 2156 imperio
1014 2058 1210 2129 reservatis.
1224 2055 1432 2130 Conceditis
1450 2059 1557 2130 etiam

160 2181 273 2254 nobis
286 2195 322 2253 et
332 2183 463 2252 nostris
473 2183 511 2252 in
526 2181 691 2280 predicto
706 2206 816 2277 regno
829 2179 1087 2272 heredibus,ut
1097 2206 1163 2253 nos
1174 2197 1209 2253 et
1221 2181 1287 2278 ipsi
1298 2177 1459 2272 heredes,
1474 2207 1556 2278 prc-

162 2324 216 2378 ter
230 2305 394 2397 seudum,
406 2309 666 2404 principatum,
680 2321 791 2379 terras
806 2321 842 2379 et
855 2307 990 2378 insulas
1002 2321 1038 2377 et
1050 2305 1118 2379 alia
1126 2306 1223 2378 dicta
1236 2307 1414 2405 superiirs,
1425 2305 1559 2378 habea·

162 2453 243 2502 mus
258 2428 366 2530 plene
385 2446 421 2503 et
441 2426 579 2525 integre
593 2431 733 2502 tertiam
747 2445 887 2528 partem
901 2431 1067 2500 omnium
1082 2429 1313 2527 illorumque
1330 2429 1376 2501 de
1394 2429 1557 2527 predicto

164 2557 318 2653 imperio
338 2555 432 2626 inira
447 2579 605 2644 annum,
623 2579 698 2652 quo
712 2554 800 2626 dicti
817 2555 931 2625 nostri
948 2555 1085 2651 equites
1103 2556 1141 2625 in
1157 2555 1235 2651 ipso
1251 2556 1405 2651 imperio
1419 2579 1487 2652 pro
1501 2580 1557 2633 re-

163 2679 401 2776 cuperatione
412 2694 449 2750 et
459 2677 697 2775 acquisitione
712 2677 955 2748 morabuntur
966 2677 1141 2774 ejusdem,
1155 2677 1211 2749 vel
1225 2679 1331 2748 etiam
1343 2693 1425 2774 post
1439 2681 1557 2775 ipsum

164 2827 313 2892 annum,
331 2801 642 2899 quandocumque
660 2800 679 2872 h
700 2801 845 2892 nostris,
865 2817 1119 2874 nostrorumve
1133 2803 1170 2872 in
1191 2802 1290 2873 dicto
1310 2827 1420 2897 regno
1439 2802 1556 2873 Sicilie

166 2925 354 3018 heredum,
370 2927 564 3024 equitibus,
586 2941 621 2996 et
640 2940 745 3021 gente
766 2929 897 3015 vestra,
918 2923 1026 2997 simul
1038 2925 1095 2996 vel
1112 2927 1303 3024 separatim
1317 2926 1363 2997 ab
1377 2924 1557 2997 alterutris

169 3053 369 3150 recuperari
392 3061 580 3149 poterunt,
603 3051 660 3122 vel
680 3052 716 3121 in
740 3052 819 3149 ipso
841 3053 998 3148 acquiri,
1019 3053 1093 3124 sive
1115 3054 1152 3124 in
1176 3051 1364 3142 demaniis,
1387 3054 1461 3125 sive
1480 3053 1556 3124 seu·

170 3175 235 3265 dis,
250 3176 305 3249 vel
320 3175 398 3248 aliis
418 3174 527 3248 rebus
540 3191 603 3246 aut
618 3175 763 3272 juribus
780 3176 1072 3274 quibuscumque
1085 3178 1292 3268 consistant,
1310 3177 1456 3276 reliquis
1468 3179 1557 3250 dna-

61 3299 65 3312 '
167 3301 232 3374 hus
258 3302 425 3401 partibus
452 3316 488 3373 et
517 3315 639 3400 preter
669 3300 745 3374 illas
772 3301 865 3374 urbe
890 3301 1287 3402 Constantinopolitana
1314 3329 1357 3375 ac
1384 3303 1557 3401 predictis

162 3442 325 3523 quatuor
344 3425 488 3516 insulis,
508 3425 612 3496 vohis
631 3427 828 3520 vestrisque
848 3427 1115 3498 successoribus
1140 3429 1335 3498 reservatis.
1362 3431 1402 3498 ln
1424 3428 1557 3523 quibus

160 3552 294 3646 utique
311 3547 449 3620 duabus
466 3547 630 3646 partibus
646 3547 879 3618 includentur
896 3563 933 3618 et
946 3548 1266 3645 computabuntur,
1281 3549 1310 3619 si
1330 3573 1402 3646 qua
1418 3552 1556 3648 promi·

159 3674 255 3746 sistis
279 3673 336 3744 vel
360 3673 435 3768 jam
463 3671 698 3758 concessistis,
724 3668 780 3740 vel
807 3671 1023 3768 promittetis
1048 3695 1110 3741 seu
1136 3669 1342 3742 concedetis
1369 3670 1556 3773 deinceps,

162 3796 459 3894 quibuscumque
473 3795 652 3894 personis,
667 3791 1004 3884 communitatibus,
1017 3795 1092 3866 sive
1108 3793 1212 3883 locis,
1232 3795 1371 3866 ratione
1391 3796 1556 3889 subsidii,

162 3922 218 3994 vel
239 3921 364 3994 auxilii
388 3919 624 4019 impendendi
644 3917 763 4008 vobis,
781 3917 827 3989 ad
846 3919 1176 4015 recuperationem,
1199 3943 1261 3990 sen
1282 3921 1557 4017 acquisitionem

164 4045 306 4143 imperii
324 4045 536 4142 supradicti,
552 4068 614 4114 seu
631 4042 698 4114 stit
718 4044 949 4139 quacumque
965 4043 1121 4132 ratione,
1138 4045 1344 4136 occasione,
1357 4045 1415 4117 vel
1434 4050 1554 4136 causa,

164 4171 266 4242 tertia
289 4183 392 4267 parte
412 4172 534 4264 nostra
554 4193 621 4264 per
640 4192 681 4238 ea
698 4168 734 4238 in
758 4165 860 4238 nullo
878 4164 1023 4264 peniths
1040 4166 1240 4257 diminuti,
1260 4169 1322 4241 sed
1347 4188 1557 4246 remanente

161 4296 209 4367 ab
229 4293 299 4367 illis
316 4295 488 4366 omnibus
504 4291 616 4365 libera
635 4290 780 4390 penitus
801 4307 835 4362 et
849 4271 1017 4364 immuni.
1035 4292 1252 4388 Hujusmodi
1271 4310 1393 4366 autem
1414 4298 1556 4368 tertiam

162 4435 316 4518 partem,
330 4417 637 4516 quandocumque
655 4432 689 4486 et
706 4416 930 4512 ubicumque
944 4417 982 4486 in
998 4417 1076 4514 ipso
1094 4419 1261 4515 imperio,
1282 4421 1431 4516 ejusque
1444 4423 1556 4519 perti-

164 4546 310 4632 neutiis,
328 4541 635 4640 acquirendorum
652 4565 713 4612 seu
734 4539 1081 4638 recuperandorum,
1100 4541 1315 4616 habebimus
1333 4545 1369 4613 in
1389 4547 1430 4614 etl
1446 4547 1557 4642 ipsius

163 4669 308 4770 imperii
333 4683 434 4766 parte
459 4669 497 4738 in
521 4671 593 4763 qua
614 4690 679 4736 nos
703 4663 758 4736 vel
779 4666 893 4737 nostri
915 4666 954 4736 in
973 4666 1137 4763 predicto
1165 4692 1276 4764 regno
1300 4666 1451 4740 heredes
1476 4672 1556 4742 esti·

162 4793 345 4866 mabimus
374 4816 437 4864 seu
466 4788 715 4888 reputabimus
740 4813 806 4860 nos
834 4789 1000 4862 eamdem
1027 4792 1169 4861 tertiam
1199 4805 1338 4889 partem
1363 4817 1448 4864 cum
1476 4794 1555 4893 ipso

162 4945 295 5016 regn0,
314 4914 428 5012 feudo
441 4917 659 5012 pitheqruttts
689 4913 821 4996 Achate
847 4939 890 4985 ec
910 4921 1025 4986 Moree
1051 4915 1199 5012 aliisque
1222 4919 1403 5013 premissis
1432 4921 1553 5009 terris,

160 5068 267 5142 posse
285 5057 409 5114 tenere
422 5037 651 5112 commodiirs
667 5053 702 5108 et
718 5036 875 5109 habere:
898 5038 944 5109 ith
962 5039 1063 5135 qnhd
1077 5041 1184 5111 etiam
1200 5041 1237 5112 in
1259 5047 1352 5114 terra
1367 5048 1555 5146 memorati

160 5169 301 5266 despoti
319 5191 361 5238 ac
383 5167 420 5234 in
436 5165 555 5259 regnis
570 5161 717 5234 Albania
733 5177 767 5233 et
785 5163 904 5234 Servio
918 5161 1022 5235 liceat
1037 5164 1156 5256 nobie,
1173 5169 1374 5264 nostrisque
1393 5169 1428 5238 in
1445 5193 1554 5265 regno

264 5299 305 5352 1¹²
319 5305 457 5361 utaris.
1350 5301 1355 5312 ¹
