3914 6046
698 626 1025 695 titt'ltobuuviotv.
1524 635 1563 698 23

207 758 320 861 Apros
344 761 378 834 ln
399 775 497 834 mort
517 759 563 834 de
580 763 669 834 Jenn
687 761 735 834 de
757 763 932 850 Brienne,
957 759 1121 834 naudoin
1138 761 1255 857 quittn
1274 760 1321 834 de
1341 785 1508 834 nouveau
1529 762 1564 834 ia

156 885 290 978 Grion,
308 912 355 960 en
375 886 449 960 l’an
472 889 576 977 1244,
590 911 687 984 pour
702 887 791 960 aller
803 885 981 960 chercher
997 885 1060 956 des
1074 910 1221 958 secours
1238 911 1283 958 en
1301 884 1412 958 italie.

207 1011 337 1108 chasse
358 1011 405 1084 de
416 1011 732 1112 Constantinople‚
753 1011 787 1083 le
808 1009 853 1082 25
867 1011 983 1107 juillet
1003 1008 1112 1099 1261,
1127 1035 1194 1108 par
1215 1035 1287 1082 une
1301 1010 1461 1106 surprise
1478 1009 1562 1082 d'a-
1649 1073 1651 1078 .

157 1134 246 1208 lexis
264 1134 536 1234 Strategopule,
557 1134 702 1232 general
723 1135 770 1206 de
782 1134 916 1208 Michel
937 1133 1163 1229 Pale'ologue‚
1187 1133 1351 1206 Boudoin
1370 1132 1564 1231 s’echappa

156 1261 252 1334 dans
275 1287 349 1332 une
370 1261 512 1359 barque
539 1260 586 1332 de
605 1260 785 1360 pecheur,
805 1285 919 1358 gegna
942 1259 1167 1356 Negrepont,
1187 1261 1270 1357 puis
1294 1258 1440 1350 l’totie,
1465 1259 1514 1332 οὺ
1540 1260 1563 1332 it

158 1403 313 1460 mourut
328 1411 374 1460 en
397 1386 503 1485 1273.

208 1518 267 1584 On
295 1537 342 1584 ne
362 1517 514 1586 connnit
537 1535 682 1586 aucune
702 1512 874 1584 mononie
895 1508 1009 1608 qu’on
1031 1511 1152 1610 puisse
1173 1510 1351 1584 attribuer
1369 1510 1390 1584 i
1411 1516 1500 1582 Jenn
1518 1509 1565 1582 de

159 1637 330 1708 Brienne.
999 1711 1008 1729 ·

208 1765 259 1832 M.
274 1760 321 1832 de
336 1758 468 1857 Sanloy
484 1755 678 1834 attribuet
692 1756 854 1832 Bnudoin
872 1762 904 1830 11
920 1755 955 1830 la
973 1758 1146 1830 monnaie
1159 1761 1337 1830 suivante.

210 1889 257 1955 Νθ
272 1886 309 1955 8.
324 1926 374 1938 —-
388 1887 442 1956 Au
456 1884 572 1975 droit,
584 1883 618 1956 ie
630 1882 736 1956 buste
750 1882 801 1956 du
814 1882 934 1956 Christ
948 1881 1073 1956 nimbi
1090 1897 1126 1956 et
1136 1881 1262 1954 adosse
1282 1881 1350 1954 nin
1364 1883 1462 1953 croix
1477 1906 1564 1956 avec

160 1999 279 2084 Ῑῧὶῖἶέ
297 2008 621 2106 (lesus-cirum).
783 2089 786 2094 Ι

209 2145 263 2210 nu
285 2161 426 2226 revers,
443 2159 517 2206 une
536 2135 637 2206 croix
652 2131 782 2232 simple
794 2146 944 2231 portant
961 2130 1138 2230 arbaque
1153 2130 1339 2206 extremite
1354 2159 1405 2204 un
1419 2131 1567 2228 globuie
1584 2175 1586 2182 ι

164 2279 199 2336 et
215 2258 424 2336 cantonnie
441 2258 506 2332 des
519 2272 648 2356 quatre
665 2257 788 2330 lettres
804 2289 863 2326 mv
875 2270 1017 2337 imme).
1033 2261 1081 2328 Le
1094 2257 1211 2330 baron
1231 2255 1431 2330 Marobend
1452 2258 1566 2329 inter-

161 2489 268 2554 uuando
279 2487 313 2540 ati
325 2491 420 2538 terram
438 2484 541 2543 veniet.
556 2486 610 2535 iieo
622 2481 710 2534 dante.
722 2485 773 2533 tier
784 2481 846 2532 verb
889 2485 975 2532 torum
987 2476 1117 2534 baronum
1132 2484 1247 2544 nuntios,
1259 2481 1367 2534 domiuo
1378 2485 1444 2548 Pape
1455 2488 1481 2534 et
1491 2482 1568 2536 nobis

161 2578 267 2642 quando
288 2575 465 2638 eoronabitur,
477 2587 555 2637 super
572 2576 733 2625 sacramenta
748 2571 847 2634 iurabit
887 2574 995 2631 obtatis,
1011 2587 1058 2625 noa
1075 2575 1259 2626 conventiones
1277 2575 1305 2626 in
1322 2575 1360 2626 eis
1371 2579 1506 2626 contentas
1522 2588 1568 2626 ao-

160 2663 846 2726 reaerrare.manutenerentdeiendereimperium,
887 2662 1047 2725 oeptavtmus
1069 2667 1096 2714 et
1118 2665 1275 2726 recepimus,
1297 2665 1347 2716 boo
1370 2664 1485 2728 adiecto,
1516 2663 1568 2714 imo

160 2760 219 2821 lura
233 2758 337 2821 imperit
351 2761 378 2807 et
389 2756 499 2806 bonores
513 2758 539 2804 et
550 2753 705 2818 approbatas
714 2756 847 2804 consuetu·
887 2750 1002 2814 apertius
1020 2753 1167 2812 declarato,
1178 2753 1211 2803 de
1227 2757 1315 2804 nostro
1326 2757 1352 2804 et
1361 2753 1489 2804 dictorum
1501 2767 1569 2806 nun·

162 2846 236 2898 dines
245 2845 362 2909 imperii.
375 2843 443 2894 bont
455 2843 506 2894 tide
516 2842 550 2894 ad
561 2855 625 2918 opus
634 2855 710 2892 suum
721 2838 847 2904 quamdin
887 2841 983 2892 tiorum
992 2874 1002 2902 ‚
1018 2843 1116 2894 retituet
1133 2842 1228 2893 villani
1248 2847 1274 2893 et
1294 2843 1426 2894 Gutiieimi
1448 2855 1567 2900 assensu,

162 2935 232 2986 viret
242 2939 269 2985 ot
283 2934 316 2984 ad
327 2945 393 2996 opus
405 2931 527 2982 balduini
538 2933 564 2980 et
574 2941 681 2982 auorum
695 2931 753 2992 port
767 2928 848 2991 ipatus
887 2927 948 2980 evim
964 2929 979 2981 a
994 2931 1102 2982 domino
1116 2933 1185 2995 papa
1200 2936 1227 2982 et
1244 2931 1436 2994 eardinaiibua,
1448 2937 1476 2984 et
1494 2932 1570 2983 nobis

163 3023 310 3082 mm,
324 3019 511 3082 sairisiuribus
527 3022 555 3068 et
572 3016 715 3068 honoribus
730 3019 846 3066 veneto·
887 3020 923 3072 sie
941 3021 975 3072 ab
1000 3021 1076 3074 initio
1098 3023 1245 3086 supradicte
1264 3024 1449 3076 conventiones
1469 3023 1570 3076 inerint

164 3095 442 3168 rumeteectesiarum‚
455 3113 483 3158 ut
495 3109 542 3158 ista
554 3107 626 3157 iiant.
639 3107 749 3158 Predieti
759 3109 846 3156 autem
887 3108 1018 3162 intellecte
1031 3131 1038 3162 ι
1058 3109 1127 3175 quod
1141 3111 1162 3163 ai
1178 3112 1350 3170 balduinum,
1363 3113 1402 3166 vei
1415 3113 1496 3163 titiam
1508 3125 1569 3164 nos·

163 3203 285 3264 ttarlotas
291 3200 394 3262 baiulus
405 3203 431 3250 et
439 3197 485 3248 aiii
493 3197 604 3248 barones
615 3200 641 3246 et
652 3195 777 3246 fldetnsae
789 3193 845 3246 ieo-
887 3203 967 3257 tram,
980 3200 1033 3251 sive
1050 3204 1189 3263 utrumque
1209 3199 1351 3265 antequam
1370 3202 1569 3253 matrimonium

163 3292 216 3344 viati
225 3292 252 3340 tn
261 3287 503 3346 pantomimarum
512 3289 611 3338 tunium
620 3284 847 3348 itsstluffltdlttn·
887 3289 1054 3342 contrahetur
1064 3291 1132 3342 inter
1141 3292 1263 3354 ipsosmet
1276 3293 1417 3355 postmori
1428 3293 1570 3354 eontinsat,

164 3385 272 3434 rerunt.
286 3378 385 3429 aciiieet
399 3377 432 3427 de
447 3375 543 3426 ducatu
554 3373 730 3436 Pbinepopie,
741 3378 769 3423 ut
782 3372 846 3422 iiiud
887 3377 927 3428 vei
940 3377 992 3428 aiio
1006 3377 1084 3428 modo
1095 3379 1262 3430 matrimonio
1276 3379 1411 3442 impediri,
1434 3379 1509 3430 nobis
1524 3381 1569 3433 vi·

163 3469 232 3532 ouon
247 3469 282 3518 de
297 3468 356 3530 lure
370 3463 456 3516 tenuit
475 3463 584 3514 oiieetus
596 3467 623 3512 et
640 3461 723 3512 iideiia
743 3471 848 3512 consors
887 3465 1024 3524 ventibus,
1040 3479 1088 3516 nos
1099 3471 1153 3518 toto
1170 3471 1285 3530 ternpore
1298 3469 1349 3518 vito
1361 3473 1447 3518 nostre
1464 3467 1569 3518 babebi-

164 3571 256 3609 eorum
273 3561 300 3608 et
316 3557 379 3608 baro
396 3553 513 3618 imperii,
534 3551 658 3604 domium
674 3549 799 3602 Glntdttt
815 3549 848 3600 ¹10
888 3567 946 3606 naue
954 3558 979 3606 et
991 3555 1137 3606 tenebimus
1146 3557 1295 3618 imperium,
1307 3555 1401 3612 etaiia,
1411 3567 1463 3618 qna
1473 3553 1525 3604 tim
1536 3556 1569 3605 de

164 3648 276 3706 suniat,
288 3651 315 3698 et
332 3650 505 3696 anteoesaores
524 3643 578 3700 aui,
596 3637 676 3692 tibere
696 3643 781 3690 teneat
802 3649 848 3701 per
888 3655 967 3694 uxore
979 3641 1440 3708 uostrtuuimoonortriabereviibua
1451 3643 1571 3708 superius

164 3737 280 3787 debiturn
294 3735 427 3786 servitium
438 3733 472 3784 ab
486 3745 517 3783 eo
535 3731 562 3782 in
580 3731 655 3792 culus
674 3731 772 3792 partem
785 3740 846 3792 pre·
888 3737 949 3783 sunt
959 3745 1084 3796 expressa,
1096 3733 1170 3785 iirma
1182 3739 1208 3785 et
1219 3734 1353 3798 integrato
1363 3739 1515 3798 perpetuum
1527 3746 1567 3785 re·

164 3825 248 3876 neas
260 3825 371 3874 duratus
388 3822 504 3880 cesserit,
518 3819 614 3872 retituet
631 3819 794 3882 imperatoria
808 3819 847 3870 vei
888 3821 1041 3873 manebunt.

165 3915 291 3968 haredum
309 3927 426 3966 suorum.
448 3915 506 3962 non
529 3913 599 3962 enim
622 3909 732 3972 tiicttitta
755 3908 847 3960 luten·
921 3915 1571 3978 «Norautemomnesaupraaeriptaseonrentionee

167 4009 245 4057 tionis
258 4005 338 4056 tuine
354 4003 485 4055 eredimus
499 4001 569 4064 quod
589 4001 643 4063 ipae
656 4012 703 4050 suo
717 4000 776 4062 lure
792 3999 849 4062 pius
888 4005 1023 4057 observare
1034 4006 1144 4056 tirmiter
1161 4005 1229 4056 iona
1249 4004 1300 4056 tide
1316 4009 1342 4056 et
1355 4017 1409 4055 non
1421 4009 1512 4057 eontra
1523 4019 1569 4058 ve·

164 4095 242 4158 quim
264 4095 310 4144 aiii
332 4094 487 4157 privaretur.
502 4089 569 4142 Gt'ttn
588 4090 666 4152 igitur
682 4087 848 4140 dictatorum
889 4095 945 4145 nire
956 4095 1060 4158 proprio
1071 4093 1395 4155 firmavimusluramento.
1405 4097 1434 4144 in
1447 4095 1521 4157 euius
1532 4093 1569 4144 rei

166 4189 203 4240 eia
223 4188 280 4240 risa
300 4185 380 4238 inerit
400 4188 426 4236 et
448 4184 520 4236 utitis
539 4187 565 4234 et
583 4181 731 4237 iruetnoaa.
750 4180 848 4232 iactum
889 4183 1064 4234 testimonium
1089 4186 1220 4246 presentes
1242 4181 1339 4232 litteras
1361 4181 1470 4233 iseimus
1493 4183 1569 4244 siritii

166 4291 274 4328 suornm
295 4277 449 4326 nuntiorum
470 4273 701 4329 collaudaverunt,
724 4271 762 4320 ΙΙΙΙ
784 4269 847 4322 red-
889 4275 971 4326 nostri
985 4274 1130 4326 munimine
1140 4273 1266 4326 roborari.
1279 4275 1371 4324 autum
1383 4285 1454 4324 anno
1463 4274 1574 4326 Domini

164 4368 256 4418 dentes
273 4368 368 4429 gratias
387 4366 433 4428 qui
453 4378 512 4415 suos
531 4361 642 4413 bumiies
661 4361 774 4423 ipsorum
794 4373 847 4410 non
889 4365 1053 4424 nccxxtx‚
1067 4376 1156 4414 mense
1171 4363 1276 4426 apriiia,
1289 4363 1317 4412 in
1332 4363 1443 4414 Pertuto.

166 4457 294 4521 permittit
304 4453 514 4506 tribulationibus
523 4453 650 4517 deperire.
657 4451 848 4504 conventiones
922 4456 993 4502 «Nos
1005 4453 1093 4514 igitur,
1106 4451 1144 4512 its,
1158 4449 1281 4514 tanquim
1294 4450 1437 4512 inspirante
1447 4451 1569 4509 ltomino,

167 4549 235 4612 ipsas
245 4549 275 4598 in
290 4546 428 4603 omnibus,
440 4545 506 4596 sicut
520 4543 745 4606 prescriptorum,
765 4545 847 4600 ratae.
889 4543 956 4596 siout
973 4543 1143 4601 confidimus,
1158 4541 1409 4602 ordinationum
1423 4540 1572 4600 impertien-

166 4643 250 4700 gratas
273 4641 299 4688 et
312 4636 400 4686 firmae
418 4635 554 4693 babentes,
576 4633 658 4696 ipsas.
680 4631 850 4684 saerosanctis
890 4635 928 4682 tes
938 4643 1079 4689 assensum,
1091 4630 1153 4694 qnia
1165 4629 1241 4680 reotis
1251 4627 1463 4690 dispositionibus
1477 4628 1514 4678 nit
1526 4629 1569 4678 de·

166 4727 241 4778 tactis
253 4725 400 4788 Evangeliis
411 4725 565 4786 juraverunt
574 4723 683 4774 tirmiter
699 4726 725 4772 et
738 4721 849 4772 iideiiter
890 4722 933 4771 bet
947 4721 1123 4772 difficultatem
1142 4722 1246 4776 aiierro,
1257 4731 1287 4767 ea
1308 4717 1443 4768 statuimus
1463 4719 1571 4769 tirmiter

167 4815 536 4877 observareetaooaptere,et
549 4823 603 4862 non
618 4811 816 4864 contravenire.
890 4810 1065 4866 observanda,
1085 4807 1245 4871 presentium
1265 4805 1417 4872 autoritate,
1435 4807 1483 4857 sub
1502 4809 1570 4870 pent

174 4955 178 4964 ,
199 4904 381 4968 «innotuerat
396 4902 571 4954 testimonium
583 4913 642 4952 ruas
655 4901 751 4952 titterat
764 4903 850 4963 paten-
889 4897 1162 4953 excommunicationis
1186 4895 1326 4946 districtius
1346 4897 1511 4955 inhibentes,
1531 4909 1566 4947 an

168 5002 207 5049 tea
222 4997 340 5048 iecerunt
357 4995 413 5045 beri
428 4993 572 5056 sigillorum
583 5004 689 5042 suorum
704 4989 849 5040 munimine
889 4991 947 5054 quia
967 4993 1058 5040 eontra
1075 4988 1129 5049 ipsa
1149 4986 1290 5049 quicquam
1309 4989 1464 5048 attemptare
1481 4997 1571 5048 presu-

169 5085 312 5136 roboratas.
324 5083 424 5148 Quibus
443 5093 489 5146 per
508 5079 609 5132 nobtiea
626 5079 705 5137 viror,
717 5077 850 5128 vitianum
890 5081 958 5134 mat,
978 5080 1044 5136 ete.;
1068 5074 1162 5136 siquis
1173 5076 1260 5124 autem
1274 5077 1323 5124 ete.
1342 5075 1436 5124 batum
1454 5073 1569 5129 bernaii,

169 5177 201 5226 de
216 5174 307 5226 aineto
325 5177 351 5226 et
361 5171 532 5225 Guiiieimnm
551 5170 583 5221 de
601 5170 703 5228 boatu,
716 5167 851 5232 supradie-
890 5169 921 5214 v.
933 5164 968 5214 id.
979 5163 1076 5226 aprilis,
1091 5162 1258 5226 pontificatus
1269 5162 1349 5213 nostri
1362 5175 1432 5214 anno
1447 5162 1529 5213 tertio.
1543 5179 1556 5204 υ
