3846 6044
288 673 503 738 caorrnor
527 675 557 736 11
579 675 633 734 nr
654 674 979 741 vura-mancat
1001 673 1152 740 rmuce
1174 677 1227 740 ua
1247 660 1401 767 nerra,
1495 683 1552 748 ros

146 809 226 878 sine
238 805 373 878 herede
386 806 432 878 de
443 830 597 902 corpore
611 821 736 878 nostro
752 821 918 904 suscepto
932 808 1137 896 decesserit,
1159 807 1259 882 dicta
1275 825 1369 882 terra
1385 810 1430 883 ad
1448 810 1553 887 here·

147 930 212 1002 des
225 945 367 1002 nosnos
376 946 458 1027 post
467 931 545 1025 ejus
555 929 754 1020 decessum,
769 955 871 1002 more
886 930 1026 1020 debite,
1044 946 1254 1004 revertatur.
1272 937 1315 1004 Et
1324 947 1485 1006 tenorem
1495 934 1553 1006 lit·

23 1149 24 1164 ἢ
148 1074 389 1152 terarumque
402 1055 470 1128 sibi
482 1079 592 1153 super
605 1054 677 1128 hoc
688 1057 885 1132 necessarie
894 1056 1029 1128 tuerint
1039 1057 1146 1131 nobis
1156 1058 1551 1156 inscriptisdignemini

148 1182 346 1271 destinare5
365 1197 400 1252 et
418 1205 502 1270 nos,
520 1180 723 1254 secundbm
748 1197 911 1254 tenorem
929 1182 1087 1272 illarum,
1107 1183 1243 1256 litteras
1262 1199 1403 1261 nostras
1420 1185 1554 1260 confici

149 1307 336 1395 faciemus,
347 1306 569 1403 etquicquid
579 1283 771 1403 superboc
785 1307 1051 1392 ordinaveritis,
1065 1325 1176 1406 prout
1189 1309 1316 1382 meiius
1331 1310 1409 1382 fieri
1419 1312 1556 1408 poterit

23 1435 24 1474 ¹
149 1427 196 1502 ²d
211 1429 450 1502 ⁰⁰ffl1¹¹⁰d¹¹¹¹¹
467 1429 604 1526 prefate
620 1431 876 1528 imperatricis,
892 1447 1011 1504 ratum
1027 1431 1244 1508 habebimus
1263 1447 1298 1504 et
1315 1449 1505 1532 acceptum
1520 1448 1555 1504 et

151 1554 277 1652 procul
292 1554 409 1628 dubio
427 1555 599 1636 iaciemus
617 1555 875 1630 inviolabiliter
895 1556 1093 1632 observari.

200 1709 217 1743 α
240 1679 335 1768 Quia
352 1679 441 1750 vero
463 1678 678 1751 dieta-terra
701 1679 748 1752 de
773 1685 943 1768 Betraoo,
965 1679 1165 1774 Collungiis
1184 1694 1220 1750 et
1239 1679 1436 1752 Metti-vitta
1452 1684 1555 1778 quasi

151 1803 356 1902 periclitans
370 1829 445 1876 esse
458 1804 617 1894 videtur,
640 1803 725 1909 cirm
742 1803 847 1877 valde
860 1807 905 1878 sit
925 1806 1084 1878 difficilis
1099 1805 1146 1879 ad
1170 1804 1384 1878 babendum
1408 1821 1444 1878 et
1462 1803 1556 1876 bend

153 1929 284 2002 scimus
302 1927 404 2024 qubd
426 1953 506 1998 eam
528 1927 735 2002 nuliatenus
757 1929 924 2002 obtinere
944 1930 1161 2027 poterimus,
1182 1930 1252 2000 nisi
1268 1945 1386 2002 vestro
1404 1929 1555 2000 consilio

153 2078 192 2126 ac
205 2079 317 2154 opere
332 2053 531 2143 mediante,
549 2054 820 2128 Sublimitatem'
830 2061 990 2130 Vestram
1010 2054 1182 2138 attentius
1209 2053 1449 2152 deprecamur
1467 2079 1556 2149 qua-

153 2179 268 2268 tenbs‚
284 2194 396 2276 prout
410 2178 539 2252 melibs
552 2179 722 2277 expedire
735 2179 897 2252 videritis
910 2180 955 2252 ad
970 2205 1063 2278 opus
1077 2194 1242 2253 nostrum
1262 2195 1297 2252 et
1315 2179 1555 2275 imperatricis

154 2305 418 2400 consanguinee
441 2319 576 2394 vestre,
596 2305 762 2378 eamdem
786 2321 919 2378 terram
933 2307 1008 2403 peti
1032 2307 1070 2380 in
1090 2305 1231 2402 judicio
1253 2305 1389 2376 iacietis
1412 2320 1447 2376 et
1470 2328 1555 2376 cau·

152 2451 225 2500 sam
251 2427 299 2500 ad
321 2427 487 2500 debitum
515 2408 626 2500 finem
655 2428 828 2525 perduci,
856 2430 1115 2502 constituentes
1142 2433 1397 2526 procuratores
1416 2427 1463 2498 ad
1484 2427 1556 2498 hoc

154 2551 378 2642 faciendum,
400 2553 475 2624 sive
500 2575 566 2650 per
586 2551 723 2624 litteras
745 2569 892 2644 vestras,
911 2555 986 2626 sive
1005 2577 1070 2650 per
1088 2567 1228 2624 nostras
1250 2573 1339 2648 quas
1362 2551 1455 2622 lator
1477 2577 1558 2650 pre·

153 2677 308 2748 sentium
321 2700 445 2748 secum
459 2675 592 2764 desert,
603 2692 713 2773 prout
725 2675 882 2748 videritis
897 2676 1084 2774 expedire,
1098 2691 1138 2747 ut
1152 2673 1447 2748 reverendissima
1461 2699 1558 2746 con-

152 2825 226 2874 sors
247 2817 371 2872 nostra
385 2799 472 2872 inde
488 2801 604 2873 valeat
620 2801 773 2898 pacifica
791 2805 1012 2900 possessione
1031 2800 1208 2896 gaudere,
1227 2798 1283 2870 vel
1300 2799 1335 2870 in
1354 2813 1432 2885 toto
1448 2797 1503 2870 vel
1519 2800 1557 2870 iu

152 2941 268 3024 parte,
282 2926 486 2998 secundum
496 2926 596 3023 quod
612 2951 677 3022 per
691 2929 750 3023 jus
764 2927 820 3000 vel
838 2951 903 3022 per
920 2927 1231 3023 composicionem
1244 2923 1313 2996 tuit
1330 2922 1553 2994 ordinatum.

153 3051 456 3126 Procuratoribus
482 3067 602 3124 autem
635 3053 699 3148 qui
730 3052 776 3122 ad
808 3053 905 3124 istud
936 3053 1122 3146 negotium
1153 3046 1448 3146 persequendum
1480 3047 1557 3118 sue·

154 3176 226 3248 rint
243 3176 450 3266 constituti,
466 3175 512 3246 de
533 3199 571 3246 re
592 3181 715 3248 nostra
736 3176 872 3248 faciatis
889 3200 1059 3273 expensas
1075 3187 1322 3269 competentes
1334 3195 1377 3242 ac
1396 3195 1557 3242 necessa·

153 3302 222 3374 rias
235 3299 411 3390 exhiberi,
427 3325 474 3372 ne
488 3325 553 3397 per
562 3299 744 3372 deiectum
757 3281 994 3398 eripeusarum
1009 3300 1156 3394 negocia
1168 3312 1291 3370 nostra
1306 3295 1559 3392 derelinquere

154 3440 322 3524 oporteat
341 3425 562 3523 imperfecta.
583 3431 651 3496 Pro
669 3425 740 3496 hiis
755 3440 877 3496 autem
895 3426 1053 3518 negociis
1070 3421 1271 3519 specialiter
1291 3419 1465 3492 dilectum
1486 3419 1557 3490 cle-

154 3551 271 3624 ricum
297 3567 464 3623 nostrum
487 3551 667 3622 decanum
688 3550 963 3622 blakernensem
986 3549 1139 3620 latorem
1158 3546 1382 3643 presentium
1403 3542 1451 3614 ad
1473 3548 1559 3614 Ves-

155 3687 246 3746 tram
263 3673 509 3746 Celsituditem
526 3673 766 3760 destinamus,
783 3673 843 3745 cui
858 3671 970 3742 fidem
989 3669 1233 3744 indubitatam
1250 3665 1560 3761 adhiberedigne·

156 3797 244 3868 mini
258 3820 369 3893 super
385 3796 647 3893 omnibusque
665 3796 840 3891 Dignitati
857 3800 982 3890 ¹Vestro
1000 3807 1159 3892 exparte
1176 3793 1300 3864 nostra
1314 3788 1455 3862 duxerit
1469 3787 1559 3860 reie-

158 3920 281 4010 renda,
301 3921 420 4018 ipsum
438 3919 655 4018 propensibs
674 3918 1014 3994 recommendatum
1028 3916 1216 3992 habentes.

206 4073 223 4108 α
243 4049 378 4116 Datum
400 4043 714 4140 Constantinopoli
737 4049 769 4116 X
795 4043 864 4116 kat.
894 4042 1033 4128 martii,
1067 4039 1210 4138 imperii
1239 4039 1354 4110 nostri
1379 4061 1479 4110 auno
1507 4061 1560 4108 se·

160 4168 426 4266 cundo(12l11)
450 4172 476 4239 ¹.
503 4199 520 4236 n

204 4293 376 4390 Geoffroy
401 4293 516 4366 s’etait
547 4295 713 4390 toujoure
739 4294 882 4368 montrd
906 4297 986 4390 pret
1003 4291 1031 4364 b
1055 4291 1157 4364 aider
1183 4317 1228 4362 en
1264 4306 1364 4364 toute
1389 4289 1559 4362 occasion

161 4414 319 4516 l'empire
338 4415 384 4490 de
402 4416 722 4514 Constantinople,
736 4419 801 4513 qui
822 4417 933 4490 teuait
953 4416 1045 4488 desi
1063 4413 1180 4512 presit
1197 4439 1251 4486 ses
1273 4415 1374 4486 etate.
1390 4417 1438 4482 La
1458 4409 1562 4480 lettre

162 4539 203 4614 de
218 4540 384 4614 Baudoin
398 4565 537 4640 prouve
554 4565 628 4638 que
644 4539 726 4636 dejt
743 4539 768 4612 il
791 4537 983 4635 songeaitb
1004 4537 1151 4612 obtenir
1176 4563 1222 4610 en
1245 4542 1380 4608 Frauce
1394 4533 1428 4604 le
1442 4529 1561 4604 comte

162 4661 204 4734 de
218 4665 431 4755 Courtenai,
448 4689 531 4736 sans
544 4662 657 4735 doute
670 4663 760 4735 dans
777 4663 839 4735 des
852 4687 940 4734 vues
961 4662 1007 4733 de
1021 4661 1172 4750 familie,
1190 4683 1309 4730 aucas
1328 4655 1376 4744 ou
1393 4655 1427 4726 la
1443 4653 1562 4730 More'e

162 4786 397 4860 viendraitun
410 4785 526 4883 jourb
539 4785 721 4886 echapper
734 4811 804 4862 aur
820 4786 1005 4880 Francais3
1015 4809 1078 4857 car
1092 4782 1212 4856 c'e'tait
1220 4807 1283 4854 sur
1297 4779 1363 4852 elle
1374 4805 1418 4852 en
1430 4804 1471 4850 ce
1487 4801 1564 4848 mo-

162 4928 261 4984 ment
269 4937 343 5010 que
354 4914 489 5011 portait
503 4926 583 4984 tout
595 4911 629 4984 le
639 4911 786 4984 fardeau
796 4910 842 4982 de
852 4908 1074 5005 l’entreprise
1088 4906 1134 4978 de
1146 4904 1462 5003 Constantinople,
1472 4917 1508 4976 et
1518 4901 1563 4974 ne

193 5195 314 5258 ¹toyer,
337 5196 402 5250 dem
418 5197 455 5250 tu
473 5197 647 5254 architecta
665 5208 802 5258 terrane,
822 5196 867 5255 tet
887 5197 1079 5251 retornus.
