3928 6044
693 638 827 718 nuent
848 654 1068 720 unsaros.
1519 657 1580 720 ass

177 790 313 864 affatim
337 788 497 861 celebres
516 787 563 860 ad
583 787 745 860 feliciora
773 805 938 887 tempora
956 813 1136 860 servarem
1156 789 1251 884 (quae
1276 789 1415 860 utinam
1437 813 1496 860 me
1521 814 1580 860 su-

175 915 324 1012 perstite
340 913 568 1010 contingant)
581 912 692 1010 quim
711 914 741 985 si
757 914 795 984 in
810 912 953 984 nullum
968 937 1075 984 usum
1089 928 1125 984 et
1138 911 1377 984 commodum
1399 928 1580 1010 meatque

76 1055 79 1060 ’
176 1039 256 1112 illos
276 1040 441 1110 servituti
463 1054 574 1136 atque
600 1040 680 1111 neci
698 1039 917 1135 objicerem,
938 1055 975 1110 et
997 1039 1033 1110 in
1055 1062 1253 1110 commune
1271 1037 1495 1136 reliquorum
1515 1037 1580 1110 de-

177 1165 391 1234 trimentum
414 1185 724 1259 communemque
739 1163 920 1258 jacturam
941 1161 1014 1234 unit
1035 1187 1162 1238 omnes
1178 1161 1362 1260 perditum
1384 1162 1488 1233 irem.
1518 1162 1582 1234 llis

177 1287 286 1382 igitur
311 1285 428 1358 causis
452 1284 676 1384 compulsus,
697 1309 768 1383 qua
790 1285 1024 1358 fortissimum
1044 1311 1217 1382 quenque
1242 1300 1399 1358 vestrum
1420 1284 1466 1358 ad
1484 1284 1582 1358 idern

177 1408 307 1482 meritb
321 1408 592 1507 compulissent,
602 1409 860 1482 Mahumetano
871 1425 1042 1507 tyranno,
1060 1411 1166 1482 tertio
1182 1409 1267 1481 ldus
1278 1408 1500 1496 novembris,
1517 1408 1581 1482 de-

176 1534 355 1606 ditionem
371 1531 454 1604 ieci.
474 1537 527 1604 lta
539 1531 637 1606 illius
654 1533 784 1630 jugum
805 1532 964 1606 simulet
989 1533 1183 1632 imperium
1200 1532 1314 1624 subii,
1334 1533 1518 1632 pollicitus
1533 1533 1582 1606 ad

176 1657 272 1748 bac,
287 1640 330 1728 ut
348 1658 537 1730 annuatim
551 1657 716 1754 quinque
730 1681 926 1730 aureorum
947 1657 1060 1729 millia
1075 1657 1202 1730 tributi
1216 1658 1387 1746 nomine,
1400 1659 1522 1754 etjam
1540 1659 1583 1730 iis

60 1766 64 1774 ¹
177 1797 265 1854 aute
288 1796 431 1878 tempus
451 1779 663 1878 persolutis,
688 1781 764 1878 qub
786 1780 1022 1880 placationem
1044 1781 1236 1853 dominum
1263 1781 1353 1854 mihi
1378 1781 1580 1855 redderem.

177 1911 266 1994 Quae
283 1929 425 1977 summa
448 1906 589 1978 tametsi
606 1906 723 2002 major
743 1922 779 1978 et
807 1906 951 2000 gravior
968 1904 988 1978 ὲ
1011 1906 1118 1978 nobis
1137 1905 1279 2004 atquei
1293 1905 1435 1980 civibus
1450 1910 1584 1981 nostris

177 2031 371 2103 estimetur
392 2029 502 2127 qubm
528 2029 614 2103 duci
640 2031 792 2130 pauperi
816 2046 852 2102 et
878 2055 991 2126 regno
1014 2031 1183 2128 pertenui
1208 2031 1421 2122 conveniat,
1446 2031 1584 2127 integre

179 2169 300 2228 tamen
318 2157 516 2253 quotannis
532 2155 552 2226 a
568 2154 674 2228 nobis
692 2154 982 2245 enumerabitur,
1001 2137 1043 2226 id
1054 2154 1155 2252 quod
1170 2154 1377 2228 declinandi
1404 2157 1583 2228 evitandi·

176 2304 250 2376 que
263 2281 376 2374 magis
390 2278 530 2352 adversi
544 2294 581 2351 et
596 2280 787 2352 atrocioris
798 2277 990 2350 infortunii
1010 2280 1121 2375 gratia
1140 2279 1385 2376 perfecturum
1403 2305 1460 2352 me
1476 2277 1584 2378 plane

177 2403 365 2502 profiteor.
383 2402 603 2500 Quanquam
617 2401 718 2475 haud
738 2405 867 2499 ignoro
884 2401 1025 2500 aliquot
1039 2418 1121 2502 post
1136 2427 1251 2476 annos
1270 2403 1368 2476 idem
1385 2403 1476 2478 mihi
1490 2429 1583 2502 quo·

176 2553 249 2625 que
260 2528 515 2626 proculdubio
528 2543 746 2600 eventurum
764 2529 848 2624 (nisi
866 2529 941 2626 ipse
955 2527 1117 2600 Christus
1131 2528 1342 2626 redemptor
1357 2545 1481 2602 noster
1498 2555 1581 2628 sup·

175 2652 290 2750 petias
304 2653 481 2740 attulerit,
501 2653 701 2750 vestrisque
718 2651 851 2726 sedatis
868 2667 905 2724 et
918 2651 1055 2750 pacatis
1073 2653 1329 2724 controversiis
1349 2669 1460 2750 atque
1477 2653 1581 2726 dissi·

176 2776 246 2848 diia
258 2801 323 2847 vos
337 2778 374 2848 in
398 2801 514 2848 unum
530 2777 788 2875 composuerit,
806 2793 844 2850 et
859 2775 1139 2851 adsumendum
1158 2775 1296 2848 bellum
1315 2775 1489 2848 adversus
1508 2801 1575 2874 po-

49 2963 51 2970 ,
177 2903 420 2974 tentissimum
433 2917 470 2974 et
494 2898 589 3000 pene
603 2902 781 2975 invictum
789 2899 929 2976 hostem
941 2900 1181 2998 compulerit)
1192 2900 1295 2998 quod
1305 2900 1583 2997 octogesimoab

174 3024 266 3097 hinc
274 3050 375 3100 anno
384 3028 625 3100 Constantino
636 3025 827 3121 Paleologo
839 3025 1255 3098 novissimoGraecorum
1266 3027 1485 3124 imperatore
1498 3051 1581 3100 eve·

177 3147 1580 3248 nithuibellolatigatusfractusque,cumabbmurataTurcorumregepacem

175 3276 213 3346 in
222 3274 435 3348 conditione
446 3275 757 3373 impetrasse,utei
766 3299 808 3345 ac
822 3272 1091 3346 successoribus
1103 3275 1281 3373 perpetub
1293 3275 1581 3348 annuumtribu·

177 3413 254 3470 tum
263 3399 452 3497 penderet,
467 3399 506 3472 id
519 3399 738 3497 quodetiam
750 3399 948 3496 quotannis
960 3397 1113 3471 fideliter
1126 3401 1442 3497 praestitit,contra
1458 3400 1581 3471 omnia

175 3523 336 3598 humana
352 3523 673 3622 divinaquejura,
687 3521 708 3594 it
724 3521 955 3611 Mahumcto,
981 3523 1094 3621 ipsius
1106 3525 1269 3594 Amurati
1288 3523 1362 3612 filio
1386 3539 1421 3594 et
1438 3547 1581 3596 sueces-
1610 3585 1611 3590 ,

175 3674 267 3740 sore,
283 3664 412 3722 octavo
429 3673 526 3722 anno
542 3665 625 3748 post
637 3649 771 3720 initum
785 3661 822 3719 et
835 3671 1046 3746 percussum
1067 3671 1151 3718 curn
1170 3661 1272 3744 patre
1286 3645 1455 3722 soedusde
1467 3649 1582 3745 impe·

176 3775 232 3845 rio
247 3773 653 3872 Constantinopolitano
673 3771 884 3845 exturbatus
910 3785 946 3842 et
961 3770 1095 3867 ejectus
1109 3771 1178 3844 tuit
1204 3797 1247 3844 ac
1263 3772 1400 3870 pariter
1425 3771 1577 3847 occisus.

174 3899 325 3994 arrigite
337 3897 493 3996 proinde
509 3922 613 3970 aures
636 3912 672 3968 et
690 3895 828 3988 oculos,
841 3895 1057 3992 animosque
1074 3895 1264 3984 intendite,
1278 3896 1474 3994 principes,
1490 3894 1580 3970 dum

175 4047 232 4093 res
255 4037 372 4092 vestra
406 4024 543 4118 integra
567 4036 604 4093 et
629 4019 823 4093 incolumis
847 4034 920 4110 est,
944 4045 986 4092 ac
1007 4018 1096 4094 dum
1124 4018 1227 4091 vobis
1250 4018 1369 4092 aliena
1393 4016 1581 4109 vecordia,

174 4144 366 4242 alienaque
393 4144 557 4242 pericula
567 4160 603 4216 et
616 4143 710 4218 mala
723 4143 893 4243 prodesse
910 4159 1084 4246 possunt,
1101 4143 1214 4221 nolite
1231 4143 1336 4216 vobis
1350 4144 1435 4242 ipsis
1448 4139 1580 4231 deesse,

175 4269 289 4342 immi)
304 4270 424 4344 verius
443 4268 583 4358 obesse,
602 4294 662 4357 ne,
684 4269 714 4340 si
728 4268 936 4342 communis
955 4267 1067 4348 hostis
1086 4292 1150 4340 vos
1179 4267 1360 4363 sigillatim
1390 4268 1577 4354 invaserit,

174 4392 277 4490 quod
297 4391 407 4467 habet
426 4393 619 4482 inanimo,
634 4407 670 4464 et
682 4391 752 4466 sibi
761 4392 808 4464 de
822 4391 943 4482 robis,
958 4405 1084 4488 utpote
1098 4415 1241 4488 semper
1255 4390 1485 4470 discordibus
1497 4415 1579 4486 per-

69 4576 71 4581 .
175 4516 279 4594 facile
292 4517 502 4615 pollicetur,
524 4511 751 4591 eaodemmet
771 4514 886 4588 aleam
901 4531 938 4586 et
956 4515 1141 4587 fortunam
1161 4513 1337 4604 subeatis,
1351 4538 1462 4610 quam
1476 4515 1579 4610 equi-

174 4641 260 4714 dem
277 4639 440 4741 proxime
463 4641 575 4731 subii,
602 4655 638 4714 et
657 4639 778 4738 plures
797 4655 881 4712 ante
904 4665 962 4712 me
987 4640 1171 4738 principes
1194 4635 1340 4733 indigne
1363 4636 1577 4724 subierunt,

175 4769 373 4865 presertim
395 4766 480 4840 clim
497 4769 535 4840 in
552 4767 624 4840 boc
644 4782 807 4864 tempore
832 4765 1019 4842 Solimano
1041 4765 1121 4836 auri
1145 4764 1358 4860 argentique
1376 4764 1429 4834 vis
1455 4765 1511 4853 sit,
1538 4790 1578 4836 eo

176 4893 318 4990 imperii
365 4893 598 4989 magnitudo,
630 4892 660 4972 is
698 4890 856 4974 militum
897 4889 1274 4964 exercitatissirnorum
1314 4913 1509 4981 numerus,
1542 4889 1578 4962 id

177 5015 290 5088 robur
311 5032 346 5088 et
367 5016 584 5115 obsequium
606 5041 649 5088 ac
677 5015 785 5104 sides,
808 5030 844 5088 et
862 5039 904 5085 ea
931 5017 1023 5085 terni
1055 5013 1221 5108 marique
1246 5015 1407 5111 potentia
1429 5014 1579 5090 assiduis

177 5140 458 5216 christianorum
475 5141 809 5226 concertationibus
827 5124 986 5238 qtiaesita,
1005 5155 1041 5212 et
1059 5141 1257 5214 maximum
1271 5166 1313 5214 ac
1328 5139 1576 5231 incredibilem
