3846 6044
269 647 510 714 onrtnurru
531 651 570 714 r¹
590 649 644 716 nr
666 649 995 720 vitun-urrunnu
1017 651 1167 718 rrrucu
1188 654 1242 718 nu
1262 635 1416 718 rrorrrtn.
1490 659 1547 722 rar

197 785 259 854 Les
280 780 463 856 Ve'nitieus
493 784 679 858 voulaierrt
696 785 850 874 d’abord
874 811 1038 886 appuyer
1062 787 1095 860 le
1118 788 1244 886 prince
1267 811 1333 884 par
1352 786 1402 858 les
1424 787 1547 862 efforts

152 904 194 980 de
212 907 292 986 leur
307 911 462 1001 marine3
479 909 560 1007 de'jir
582 911 625 984 ils
638 912 778 985 avaient
792 911 932 1010 envoy&
945 912 1105 986 dix-huit
1122 912 1317 1003 batimens,
1332 927 1367 984 et
1384 911 1427 984 ils
1443 913 1544 984 sorti·

28 1015 29 1050 r
151 1029 272 1104 titrenr
286 1036 405 1106 meme
418 1050 511 1108 cette
524 1035 626 1110 flotte
638 1035 684 1110 de
698 1051 912 1134 trente-sept
929 1061 1118 1110 nouveaux
1134 1037 1313 1110 vaisseaurr
1330 1039 1355 1126 ¹3
1370 1037 1459 1108 mais
1474 1061 1546 1108 une

152 1152 242 1228 treve
255 1155 303 1230 de
318 1159 404 1255 cinq
422 1183 488 1230 ans
503 1159 583 1232 leur
598 1177 707 1258 parut
721 1161 863 1234 bientot
881 1160 964 1259 plus
981 1160 1068 1234 utile
1081 1185 1178 1258 pour
1191 1185 1273 1232 eurr.

194 1282 438 1355 «Guilbertus
454 1285 640 1376 Dandolo‚
654 1285 709 1358 dit
727 1286 761 1360 la
779 1285 983 1384 chronique
995 1285 1152 1358 d'rtndre
1167 1285 1350 1378 DandoIO,
1370 1285 1415 1360 32
1430 1285 1546 1382 galea·

151 1431 225 1480 runt
239 1409 466 1506 capitaneus,
477 1411 576 1509 apud
592 1414 858 1511 Septompotios
868 1438 954 1486 cunr
966 1411 1074 1509 galeis
1089 1411 1136 1510 39
1145 1426 1182 1486 et
1197 1410 1381 1508 sagitteis’
1397 1437 1439 1484 ro
1453 1419 1543 1486 Gre-

149 1555 271 1604 corum
290 1548 327 1604 et
348 1537 585 1608 Januensiurn
612 1537 764 1610 viriliter
785 1539 978 1636 pugnavit,
993 1551 1029 1608 et
1047 1537 1165 1608 victor
1189 1536 1336 1610 tandem
1355 1537 1546 1624 existenslr

27 1665 28 1680 ¹
148 1655 258 1749 galeas
270 1659 381 1766 oepit.
406 1659 555 1757 Relique
576 1685 618 1734 ex
647 1661 730 1758 fuga
751 1664 787 1734 in
805 1661 1013 1736 Monohasis
1041 1675 1155 1734 tutate
1175 1676 1269 1734 sunt.
1285 1666 1366 1750 Que
1384 1661 1475 1734 dum
1493 1661 1546 1734 ibi

149 1782 359 1875 residerent,
375 1800 446 1858 tres
458 1785 592 1858 taridas
604 1783 620 1825 ⁸
631 1791 854 1860 Venetorum
863 1801 1032 1860 oneratas
1040 1809 1153 1885 pane,
1163 1811 1237 1884 que
1250 1785 1298 1858 ad
1312 1787 1546 1885 capitaneum

26 1931 27 1938 ¹
148 1907 378 1997 medebam,
394 1925 589 2008 ceperunt,
603 1926 639 1984 et
654 1912 781 1984 Veneti
794 1913 831 1984 in
848 1911 1084 2008 Nigroponte,
1102 1924 1249 2008 sumpto
1264 1911 1544 1984 refresearnento

150 2033 309 2104 venetias
325 2033 491 2108 redeunt.
507 2040 553 2108 Et
572 2035 701 2108 eodem
714 2059 829 2126 anno,
849 2059 891 2108 ex
910 2035 1169 2135 procuratione
1187 2033 1406 2108 devotorum
1423 2035 1545 2110 homi·

25 2203 26 2248 p
150 2182 234 2231 num
248 2155 337 2232 hino
351 2159 438 2234 inde
451 2161 696 2260 pergentium,
713 2161 886 2234 carcerati
901 2161 1091 2258 utriusque
1104 2161 1217 2260 partis
1229 2161 1384 2232 restituti
1395 2174 1492 2234 sunt.
1506 2192 1522 2226 r

191 2282 360 2376 senode,
373 2283 478 2384 apres
493 2288 596 2359 avoir
611 2285 757 2360 racontt
777 2286 811 2360 le
831 2287 949 2360 meme
967 2287 1031 2360 tait
1052 2301 1088 2362 et
1109 2285 1288 2386 plusieurs
1309 2309 1547 2382 engagemens

149 2409 263 2480 moins
278 2408 440 2496 heureux
453 2435 601 2500 encore,
616 2412 738 2508 ajoute
758 2437 842 2484 sous
861 2403 931 2484 l‘air
954 2408 1068 2484 1265:

190 2536 264 2604 «ln
281 2549 410 2631 questo
431 2535 578 2635 tempo⁴
593 2534 746 2610 Michele
768 2534 956 2632 Paleologo
980 2534 1210 2634 imperadore
1230 2533 1267 2606 di
1288 2535 1547 2608 Constantino·

148 2659 217 2757 poli
230 2659 309 2734 fece
324 2677 447 2758 tregua
463 2687 534 2736 oon
553 2662 746 2736 Veneniani
763 2687 828 2761 per
847 2663 936 2736 anni
953 2663 1126 2760 cinque.»

191 2792 290 2860 Dans
302 2787 337 2860 le
348 2786 595 2887 Peloponneso
605 2787 656 2862 tes
667 2805 814 2888 troupes
827 2787 1031 2887 imperiales
1044 2813 1090 2860 en
1101 2787 1301 2886 possession
1313 2786 1360 2860 de
1370 2783 1546 2876 Misithra‚

147 2912 191 2984 du
207 2917 335 3009 Magne
347 2928 385 2986 et
404 2913 451 2986 de
466 2913 731 3004 Monembasie,
746 2913 963 2988 tendirentir
982 2937 1133 3013 pousser
1145 2911 1241 2984 leurs
1254 2911 1453 3010 conquetes
1463 2907 1546 3009 plus

146 3034 215 3108 loin
233 3051 268 3110 et
285 3037 476 3112 devinrent
497 3043 697 3112 maitresses
716 3037 780 3112 des
794 3053 1007 3135 montagues
1024 3038 1071 3110 de
1090 3035 1125 3110 la
1138 3036 1293 3110 Iunonie
1306 3036 1402 3108 etde
1421 3047 1503 3108 tout
1513 3031 1547 3104 le

148 3187 230 3261 pays
253 3161 399 3260 jusqu'i
417 3167 544 3262 Sparte
567 3179 604 3236 et
627 3162 648 3238 ir
674 3163 947 3238 lacedemonia.
975 3163 1212 3252 constantin,
1235 3158 1328 3236 frere
1355 3158 1474 3234 uterin
1501 3157 1548 3234 de

147 3286 374 3388 l'ernpereur,
399 3305 435 3362 et
458 3291 542 3387 qui,
562 3315 706 3364 oomrne
728 3289 766 3387 je
789 3289 848 3362 l’ai
868 3288 941 3382 dit,
964 3290 1058 3362 avait
1080 3286 1137 3361 ete‘
1161 3285 1258 3360 elevo
1277 3287 1323 3358 de
1349 3286 1384 3359 la
1410 3284 1547 3382 dignito

147 3412 188 3486 de
205 3413 344 3488 oesara
364 3413 454 3488 celle
475 3415 522 3488 de
546 3414 830 3503 sehasrooraror,
852 3415 907 3486 sut
925 3413 1063 3511 envoye'
1081 3437 1178 3513 pour
1196 3413 1354 3511 prendre
1367 3424 1470 3482 entre
1492 3433 1547 3482 ses

146 3539 259 3610 mains
276 3539 437 3612 oestrois
452 3539 553 3612 villos
565 3539 616 3612 du
632 3535 892 3637 Pe'loponnese.
911 3537 1066 3610 tussitot
1078 3534 1202 3634 qu'ily
1218 3536 1273 3608 sut
1284 3532 1415 3623 arrivs,
1437 3533 1463 3604 il
1482 3547 1546 3605 eut

145 3661 187 3734 de
199 3661 370 3760 frequens
384 3687 624 3760 engagemens
635 3687 724 3736 aveo
736 3662 788 3736 les
797 3662 917 3734 Latins
930 3660 981 3732 du
993 3654 1251 3758 Peloponneso.
1269 3657 1298 3728 ll
1312 3657 1363 3730 les
1380 3656 1546 3752 reinquit

146 3786 232 3860 dans
247 3812 299 3860 un
326 3787 402 3860 bon
423 3788 578 3860 nombre
601 3787 648 3860 de
670 3786 853 3877 combats3
869 3784 941 3858 eti
961 3783 1066 3858 l’aide
1087 3783 1135 3858 de
1148 3807 1207 3856 ces
1227 3783 1316 3854 trois
1334 3781 1451 3870 villes,
1470 3779 1547 3854 des·

146 3910 279 4006 quoties
293 3911 319 3984 il
331 3910 515 4007 s'riianpait
528 3936 672 3986 eomrne
685 3909 774 3983 d’un
793 3925 890 3984 vaste
910 3934 1017 4008 camp
1028 3905 1179 3997 sortisse,
1193 3906 1218 3978 il
1227 3905 1404 4004 s’empara
1413 3903 1459 3976 de
1469 3902 1547 4002 plu-

145 4040 254 4114 sieurs
275 4055 396 4112 autres
416 4037 553 4112 vittest.
574 4069 591 4104 rr
614 4037 802 4112 Al’arrnee
820 4035 947 4110 navale
964 4035 1010 4108 de
1030 4033 1244 4132 l'ernpereur
1260 4030 1326 4104 des
1344 4036 1475 4119 Grecs,
1493 4028 1548 4102 dit

146 4160 384 4264 Ntctptrore⁶,
399 4163 533 4236 etaient
548 4187 664 4236 venus
676 4160 865 4259 sejoindre
879 4159 930 4232 les
942 4163 1093 4249 lacoras,
1106 4156 1262 4256 appeles,
1275 4155 1367 4228 dans
1374 4153 1409 4226 la
1416 4153 1547 4250 langue

148 4291 316 4387 vulgaire,
328 4295 486 4366 Tzaoons
505 4290 533 4377 ⁷,
550 4288 685 4362 arrives
699 4288 750 4360 du
766 4282 1022 4387 Pe'loponnise.
1039 4286 1155 4375 ainsi,
1170 4281 1457 4356 abondarnment
1470 4303 1548 4350 mu·

147 4415 204 4517 ηἰς
222 4415 270 4488 de
292 4428 397 4505 tout,
425 4415 459 4488 la
482 4415 585 4487 flotte
603 4411 788 4512 imperiale
812 4411 853 4482 srt
878 4411 973 4483 voiie
991 4434 1057 4510 par
1075 4407 1185 4482 ordre
1206 4407 1253 4478 de
1273 4405 1490 4503 l’empereur
1511 4415 1547 4474 et

175 4644 183 4674 ’
199 4661 210 4685 ι
225 4647 245 4694 n
272 4657 412 4694 armnrono
435 4642 541 4693 dtototto
567 4641 671 4704 sutore,
699 4641 821 4702 capitano
893 4638 961 4686 ⁸Les
975 4637 1071 4686 tertrtrr
1083 4639 1142 4685 sont
1155 4635 1200 4684 der
1212 4633 1341 4683 btttmens
1358 4631 1440 4691 tonas.
1453 4626 1545 4690 (voror

146 4732 225 4783 ttarro
236 4731 358 4788 michele,
369 4744 383 4780 e
399 4732 416 4781 11
431 4731 617 4782 mandnronoa
628 4727 766 4778 detondere
778 4727 820 4776 ΙἸ-
862 4741 922 4778 mon
936 4727 1079 4788 gtossatret
1092 4727 1115 4775 ta
1124 4726 1189 4774 suite
1199 4723 1230 4773 de
1240 4724 1265 4772 ta
1278 4721 1377 4773 Ceron.
1389 4721 1420 4770 de
1431 4716 1544 4780 Mores.)

146 4823 196 4872 nte
205 4823 264 4874 dett’
275 4821 424 4884 Aretprtrgo
438 4834 455 4871 e
468 4821 533 4871 attre
548 4824 616 4870 terre
631 4817 730 4869 martur
732 4851 819 4866 .....
891 4813 1028 4872 ‘sanare
1039 4825 1103 4876 page
1115 4813 1170 4863 att.

147 4916 383 4966 Edrterrntrrarono
392 4911 562 4975 d'trrgrossare
574 4911 690 4962 t'arrnata
700 4908 726 4958 di
736 4908 821 4970 galero
890 4903 1064 4966 'nicephore
1079 4901 1140 4950 ttrre
1153 4903 1176 4957 t.
1190 4899 1266 4964 chop.
1281 4904 1302 4950 t.

148 5006 183 5053 ³7.
198 5021 210 5047 ·
223 5003 347 5066 (Sanuuo.
360 5014 385 5063 p.
399 4999 465 5062 561.)
891 4991 1065 5050 ‘Ntrtphoro
1081 4989 1144 5039 ttrro
1156 4990 1179 5047 t,
1195 4988 1270 5049 rttrrp.
1283 4989 1307 5038 5.

174 5093 239 5146 'RS
255 5094 412 5156 lassiiisst'm
423 5092 519 5142 618Ῑοοῑ
536 5089 579 5140 ties
600 5089 727 5138 bilimens
742 5086 819 5135 tironi
892 5083 1021 5137 'sistam
1031 5119 1036 5130 .
1046 5121 1049 5128 .
1060 5120 1063 5128 .
1075 5120 1078 5128 .
1090 5119 1109 5128 ..
1130 5089 1159 5136 ’ὃς
1171 5089 1183 5137 ἦ
1194 5091 1244 5137 κοινὴ
1259 5087 1394 5140 rapapir'rpaun
1408 5085 1482 5136 piem
1494 5080 1542 5130 ’[ζᾶ-

147 5193 193 5242 W!
205 5181 275 5234 ii'ffll
287 5187 312 5232 Oi
324 5182 372 5232 iim
385 5181 496 5232 Voiiiffl·
839 5209 842 5222 ι
862 5198 917 5230 rurus
927 5180 1079 5234 μτυνόμζικῑ
1098 5168 1258 5230 (Nittphort',
1272 5171 1337 5216 101Πο
1353 5171 1373 5221 i,
1387 5179 1411 5226 [1.
1425 5163 1474 5218 218.)
