3862 6048
357 647 417 707 aro
580 621 947 704 dumaaissnnans
967 637 1047 701 sna
1068 639 1117 700 m
1137 615 1281 700 nonna
1302 635 1533 728 rnmqnsn.

357 773 549 863 alendum,
563 771 763 868 jurandum
777 771 1050 862 conventiones,
1063 770 1269 866 juramenta
1281 768 1757 866 etfidejussiones,prestan-

358 899 460 990 dum,
474 900 625 997 prestari
641 897 845 970 laciendum
861 913 897 968 et
909 895 1171 995 recipiendum,
1185 895 1428 968 afirmandum
1443 895 1705 967 conventiones
1721 909 1758 966 et

359 1042 461 1124 pacta
480 1024 548 1098 sub
574 1024 642 1096 illis
669 1023 804 1114 modis,
828 1023 972 1109 formis,
996 1019 1298 1118 promissionibus
1319 1017 1660 1115 etfobligationibus
1684 1043 1757 1116 que

357 1149 464 1222 dictis
483 1173 612 1221 eornm
639 1147 841 1220 substitutis
862 1145 919 1218 vel
943 1145 1090 1218 duobus
1108 1169 1149 1217 ex
1169 1147 1255 1245 ipsis
1276 1143 1513 1230 videbuntur,
1541 1159 1577 1216 et
1595 1144 1642 1216 ad
1664 1143 1758 1216 obli·

357 1275 517 1370 gandum
553 1275 652 1346 bona
683 1276 845 1372 ipsorum
876 1273 1112 1344 dominorum
1142 1271 1439 1344 substituentium
1474 1295 1543 1368 pro
1579 1269 1649 1342 biis
1682 1291 1759 1366 que

358 1398 541 1486 duxerint,
569 1397 816 1496 promittenda
837 1397 1034 1496 privilegia,
1058 1412 1185 1485 cartas,
1216 1398 1468 1484 instrumenta,
1492 1397 1689 1492 scripturas
1721 1407 1758 1464 et

357 1524 513 1595 cautelas
525 1523 611 1595 alias
631 1547 703 1620 que
715 1547 784 1621 pro
801 1522 971 1620 predictis
993 1537 1029 1593 et
1048 1521 1302 1620 inira-scriptis
1323 1536 1359 1593 et
1383 1521 1534 1617 singulis
1558 1535 1595 1591 et
1616 1519 1755 1617 depen-

358 1646 455 1719 tibus
480 1664 516 1718 et
530 1647 704 1718 connexis
718 1661 754 1718 et
776 1670 923 1745 prorsus
941 1647 1119 1718 extraneis
1140 1647 1337 1718 necessaria
1364 1659 1399 1716 et
1418 1659 1630 1743 opportuna
1655 1642 1756 1716 vide·

357 1768 497 1842 buntur
510 1769 599 1858 fieri,
614 1770 828 1866 rogandum,
844 1767 1116 1866 requirendum,
1130 1768 1337 1841 laciendum
1353 1784 1387 1840 et
1404 1767 1655 1866 recipiendum
1670 1789 1756 1838 cum

357 1897 662 1996 stipulationibus,
674 1896 983 1994 promissionibus,
996 1895 1296 1994 obligacionibus,
1307 1913 1484 1994 penarum
1498 1892 1756 1981 adictionibus,

353 2022 550 2118 juramenti
568 2021 863 2118 prestationibus‚
882 2047 950 2093 nec
977 2046 1052 2094 non
1073 2019 1420 2106 emundationibus,
1448 2017 1756 2116 stipulationibus,

357 2147 505 2219 cautelis
526 2161 562 2218 et
584 2146 753 2218 clausulis
773 2147 1011 2244 opportunis,
1033 2161 1069 2216 et
1090 2145 1303 2241 generaliter
1320 2146 1443 2216 omnia
1466 2143 1535 2216 alia
1560 2159 1595 2216 et
1615 2143 1754 2238 singula

336 2263 338 2271 ’
359 2269 581 2359 laciendum,
593 2266 920 2342 administrandum
936 2293 978 2341 ac
991 2268 1189 2364 gerendum
1205 2283 1240 2340 et
1252 2268 1330 2340 fieri
1348 2267 1555 2340 laciendum
1576 2283 1612 2340 et
1626 2283 1754 2366 peten-

357 2393 447 2465 dum
462 2395 585 2490 quein
602 2393 772 2491 predictis
787 2407 823 2464 et
839 2393 988 2488 singulis
1002 2407 1038 2464 et
1057 2391 1348 2490 dependentibus
1362 2407 1397 2464 et
1410 2393 1584 2464 connexis
1599 2407 1634 2464 et
1646 2415 1754 2491 pror·

358 2543 417 2590 sus
445 2521 621 2590 extraneis
647 2519 845 2590 necessaria
870 2519 1005 2590 fuerint
1025 2532 1060 2589 et
1083 2519 1191 2591 etiam
1217 2533 1425 2616 opportuna
1452 2532 1487 2589 et
1513 2539 1585 2614 qne
1610 2517 1755 2614 ipsimet

357 2644 498 2715 domini
517 2644 772 2716 substituentes
797 2643 915 2716 lacere
930 2660 1076 2742 possent
1099 2645 1129 2716 si
1152 2660 1336 2742 presentes
1358 2643 1488 2734 lorent,
1510 2643 1648 2716 etiarnsi
1672 2643 1755 2715 talia

357 2785 566 2867 essentque
588 2771 769 2865 exigerent
790 2771 903 2866 magis
924 2769 1077 2867 speciale
1100 2768 1332 2859 mandatum,
1354 2795 1439 2841 cnm
1457 2769 1565 2868 pleni
1588 2767 1700 2840 libera
1719 2785 1756 2840 et

358 2895 515 2988 generali
533 2894 844 2967 administratione
863 2911 898 2966 et
921 2911 1107 2992 potestate,
1124 2895 1375 2993 promittentes
1396 2893 1484 2966 dicti
1505 2893 1645 2966 domini
1666 2891 1756 2965 sub-

358 3019 559 3108 stituentes,
586 3019 657 3092 t'am
677 3020 889 3092 nominibus
915 3019 1072 3119 propriis
1096 3018 1206 3117 quim
1234 3019 1446 3092 nominibus
1474 3019 1608 3118 quibus
1633 3043 1756 3118 supra,

359 3143 474 3232 firma,
488 3159 576 3234 rata,
595 3162 692 3240 grata
707 3145 1028 3244 habereperpetub
1040 3161 1075 3218 et
1089 3145 1290 3236 observare,
1301 3171 1344 3218 ac
1362 3145 1499 3237 haberi,
1514 3147 1628 3218 teneri
1638 3162 1674 3219 et
1686 3146 1756 3217 ob·

357 3270 490 3338 servari
509 3267 625 3339 lacere
639 3269 793 3366 quiquid
815 3269 899 3341 dicti
924 3293 1052 3342 eorum
1075 3269 1259 3342 substituti
1275 3270 1331 3342 vel
1352 3271 1427 3343 duo
1449 3294 1488 3343 ex
1511 3272 1597 3370 ipsis
1613 3273 1653 3343 in
1670 3295 1756 3369 pre·

357 3391 463 3464 dictis
484 3407 520 3465 et
546 3394 693 3489 singulis
716 3419 759 3466 ac
780 3394 1073 3492 dependentibus
1096 3409 1132 3466 et
1156 3397 1330 3467 connexis
1352 3409 1387 3467 et
1407 3421 1556 3492 prorsus
1579 3397 1756 3468 extraneis

358 3513 528 3588 duxerint
541 3516 716 3608 iacienda,
734 3533 769 3589 et
783 3543 858 3590 non
875 3517 1121 3590 contrafacere
1139 3519 1193 3590 vel
1207 3521 1332 3590 venire
1352 3517 1397 3590 de
1409 3519 1492 3615 jure
1505 3517 1560 3590 rel
1575 3519 1622 3590 de
1642 3519 1752 3606 lacto,

358 3641 397 3710 in
419 3642 560 3737 judicio
584 3644 899 3740 veniendique
920 3645 1073 3732 ratione,
1093 3648 1199 3716 causa
1214 3644 1272 3717 vel
1285 3644 1409 3735 modo,
1437 3643 1505 3715 sub
1528 3644 1706 3743 ypotheca
1719 3659 1757 3715 et

358 3761 583 3859 obligacione
604 3769 769 3837 omnium
787 3781 821 3838 et
844 3767 1068 3862 singulorum
1087 3765 1274 3839 bonorum
1296 3791 1445 3840 suornm
1468 3768 1696 3865 presencium
1718 3779 1756 3838 et

358 3887 588 3977 futurorum,
629 3890 675 3961 ad
709 3915 840 3988 penam
882 3905 917 3962 et
960 3888 1029 3962 sub
1059 3895 1153 3989 pena
1196 3892 1413 3966 ducatorum
1456 3894 1535 3964 auri
1573 3894 1755 3989 quinqua·

359 4013 457 4107 ginta
490 4015 588 4086 milia
612 4015 789 4113 imperiali
814 4019 914 4088 curie
948 4031 1011 4090 aut
1037 4019 1139 4091 alteri
1157 4021 1290 4116 cuique
1311 4021 1412 4092 curie
1446 4018 1509 4090 ubi
1543 4019 1755 4090 reclamatio

359 4134 472 4226 fieret,
487 4138 516 4208 si
531 4161 634 4210 secus
646 4163 712 4235 per
730 4141 825 4238 ipsos
839 4141 894 4214 vel
917 4143 1079 4239 ipsorum
1096 4141 1250 4216 alterum
1265 4142 1352 4215 inde
1366 4145 1480 4232 lieret,
1495 4141 1756 4240 persolvenda3

357 4283 430 4356 que
447 4283 541 4359 pena
564 4264 701 4336 tociens
717 4267 878 4361 exigatur
897 4269 1073 4362 quociens
1091 4269 1129 4340 in
1148 4281 1268 4340 totum
1285 4268 1340 4340 vel
1362 4269 1399 4338 in
1423 4283 1526 4366 parte
1542 4267 1651 4338 suerit
1666 4291 1756 4338 con·

357 4383 566 4474 trasactum3
584 4401 620 4458 et
639 4387 890 4462 nihillominns
906 4415 1051 4487 presens
1073 4393 1358 4464 instrumentum
1373 4391 1520 4462 firmum
1536 4405 1569 4464 et
1595 4389 1755 4464 validum

356 4511 521 4606 persistat
536 4527 569 4582 et
587 4512 622 4581 in
640 4537 706 4582 suo
724 4513 901 4586 firmitatis
918 4515 1050 4587 robore
1068 4531 1281 4613 perseveret.
1295 4519 1341 4588 Et
1352 4517 1568 4612 juraverunt
1581 4517 1669 4590 dicti
1688 4517 1756 4589 do·

356 4635 447 4706 mini
465 4635 737 4725 substituentes,
761 4655 832 4710 tam
847 4639 1058 4712 nominibus
1080 4643 1237 4739 propriis
1259 4665 1371 4740 quam
1389 4641 1602 4714 nominibus
1621 4641 1756 4739 quibus

356 4782 476 4854 supra,
504 4759 549 4831 ad
572 4777 694 4833 sancta
709 4764 775 4834 Dei
792 4762 989 4858 Evangelia¹
1007 4765 1243 4862 corporaliter
1263 4780 1370 4854 tacta,
1398 4763 1445 4837 de
1477 4779 1557 4837 rato
1580 4763 1755 4838 habendo

357 4905 467 4953 omne
490 4895 607 4956 totum
631 4902 667 4957 et
689 4887 865 4982 quicquid
881 4911 947 4985 per
968 4887 1085 4960 dictos
1101 4887 1311 4962 substitutos
1333 4889 1493 4988 ipsorum
1514 4888 1570 4962 vel
1591 4889 1685 4962 duos
1710 4915 1753 4962 ex

358 5006 443 5104 ipsis
455 5008 492 5078 in
507 5011 687 5104 premissis
700 5027 734 5084 et
744 5015 841 5085 circa
854 5016 1025 5112 premissa
1037 5015 1176 5088 dictum
1187 5031 1378 5088 tractatum
1389 5017 1618 5115 pactizatum‚
1633 5015 1752 5090 admi·

357 5129 560 5222 nistratum,
577 5133 722 5224 lactum,
736 5135 1004 5228 continuatum,
1019 5138 1236 5230 afirmatnm,
1253 5141 1507 5237 compositum,
1528 5155 1750 5212 conventum
