3846 6044
262 639 476 738 eeorrnov
500 640 538 700 rr
559 640 614 702 nn
634 640 958 706 vinae-mamm
981 641 1131 706 runos
1152 643 1205 706 un
1225 627 1379 709 morin.
1466 651 1522 710 ras

127 787 160 843 et
174 789 402 844 consecratus
420 773 439 844 l
455 798 600 846 summo
618 757 979 872 pontifice‘Honorio
999 778 1035 848 in
1052 779 1308 876 imperatorem
1322 787 1523 856 Constanti-

128 873 388 994 nopolitanum.
405 898 477 972 Sed
493 925 584 972 mor
598 915 637 972 ut
652 902 819 973 Greciam
835 902 968 998 attigit,
988 920 1114 1001 ceptus
1127 920 1180 976 est
1192 905 1212 976 b
1226 906 1320 979 duce
1333 911 1520 1000 Duraclrii,

126 1021 310 1094 Theodoro
321 1025 486 1115 nomine,
498 1026 684 1098 Michaelis
697 1052 915 1117 successore,
932 1031 997 1125 qui
1015 1029 1181 1102 dearmis
1195 1031 1273 1126 ejus
1287 1048 1323 1103 et
1336 1033 1472 1106 divitiis
1488 1051 1523 1105 rt

127 1150 220 1219 omni
238 1149 461 1246 supellectile
476 1152 564 1247 ejus,
581 1153 813 1250 permittente
826 1154 924 1248 justo
944 1153 1070 1250 judice
1091 1161 1178 1245 Deo,
1197 1156 1310 1228 lactus
1329 1174 1380 1228 est
1396 1159 1524 1230 lortior

16 1277 18 1288 ’
127 1287 158 1342 et
170 1275 352 1371 potentior
373 1274 419 1347 ad
443 1275 738 1373 persequendum
756 1275 967 1348 catholicoe.
993 1279 1110 1350 Evasit
1135 1295 1359 1352 tamencum
1382 1281 1524 1354 filiabus

16 1379 17 1390 ἵ
127 1421 208 1468 uror
223 1397 386 1494 ejusdem
416 1402 522 1489 Petri,
546 1425 632 1497 quc,
654 1400 830 1497 quamdiu
851 1403 955 1491 vixit,
973 1417 1106 1474 terram
1135 1404 1232 1476 illam
1265 1421 1302 1478 et
1328 1407 1522 1504 imperium

127 1521 358 1614 gubernavit:
411 1583 418 1596 .

168 1649 308 1718 «Unam
322 1644 480 1716 filiarum
494 1647 571 1743 ejus
584 1699 593 1734 ‚
604 1647 765 1744 Hyclenz
783 1649 953 1738 nomine,
966 1648 1069 1721 duxit
1081 1651 1240 1724 Andreas
1250 1677 1311 1723 rer
1325 1657 1521 1750 Hungarie.

170 1770 414 1876 «Secundam,
438 1773 588 1844 nomine
607 1772 792 1870 sybillam,
824 1773 953 1846 habuit
976 1775 1151 1848 Radulfus
1185 1777 1232 1848 de
1255 1778 1458 1850 Essolrluno
1485 1782 1522 1851 in

128 1893 268 1982 lituris,
281 1919 393 1991 quam
412 1893 534 1992 postea
556 1896 657 1968 duxit
676 1920 798 1968 eomes·
816 1899 995 1970 Henricus
1014 1897 1061 1970 de
1072 1898 1261 1970 Viandenci
1281 1903 1318 1971 in
1338 1901 1519 1974 ardenne.

16 2075 17 2084 2
170 2020 356 2090 «Tertiam
377 2019 507 2092 habuit
528 2024 699 2092 lascarus
717 2045 867 2115 grecus,
885 2021 950 2118 qui
972 2021 1161 2094 dicebatur
1180 2025 1379 2120 imperator
1400 2028 1522 2114 Nioee3

16 2123 17 2214 J
126 2142 183 2214 sed
199 2144 249 2248 de,
259 2118 325 2216 istri
341 2144 434 2216 filios
450 2171 525 2217 non
541 2144 684 2218 babuit.

172 2297 189 2332 <r
203 2272 377 2356 Quartam
391 2269 589 2342 Gaulridus
605 2270 733 2364 junior
746 2269 794 2342 de
807 2269 1115 2362 Villi-Bardaici,
1134 2272 1228 2346 lilius
1240 2275 1406 2347 Gausridi
1421 2277 1521 2372 prin-

126 2392 209 2489 cipis
223 2391 268 2463 de
282 2391 400 2464 insuit
421 2393 627 2464 Moncionis
648 2391 809 2490 (illerde).
1066 2470 1072 2482 ,
1261 2385 1266 2395 ’

168 2516 374 2602 «Quintam
393 2515 594 2588 Galcberus
614 2515 660 2586 de
685 2515 1188 2614 Demo-super-Sequanam,
1214 2522 1355 2593 comitis
1381 2522 1523 2606 Milonis

126 2828 264 2892 tantinople
286 2828 353 2879 alnsl
374 2829 453 2891 qu’au
474 2829 564 2892 prince
587 2827 708 2880 d'llchale
734 2843 800 2894 pour
838 2829 1061 2893 toningewe-tc.
1073 2831 1098 2883 Sl
1110 2833 1273 2896 pulsantem,
1283 2839 1331 2884 etc.

124 2913 192 2976 qn'tls
201 2929 228 2967 se
237 2917 397 2979 lolgnlssent
410 2917 426 2968 ti
438 2917 484 2967 lul.
497 2917 620 2979 (einsidl,
634 2920 702 2975 titt,
720 2917 798 2980 livi.)
869 2940 881 2966 ι
895 2925 990 2975 Datum
1001 2925 1132 2984 laterent,
1146 2925 1233 2975 ldllrus
1242 2925 1341 2987 aprilis,
1355 2923 1522 2988 Pontttlcattls

150 3008 182 3056 la
193 3006 251 3056 date
261 3006 298 3056 du
309 3011 519 3057 courounerneut
529 3006 560 3057 de
570 3008 656 3058 Plerre
665 3012 703 3058 est
714 3007 797 3059 diter·
837 3013 919 3064 nostrl
931 3027 1002 3067 anno
1015 3016 1099 3078 primo
1111 3011 1151 3078 (rs
1162 3015 1227 3066 avril
1240 2987 1320 3080 llll).
1334 3032 1345 3058 ι

124 3095 201 3145 mines
212 3109 260 3159 par
271 3097 310 3148 les
324 3097 391 3148 deur
404 3093 489 3158 pleces
503 3097 646 3154 salvantes,
661 3109 705 3147 ear
715 3098 740 3147 la
754 3097 797 3148 ee·
868 3106 939 3153 cette
950 3105 1068 3165 garantia
1079 3105 1110 3154 de
1124 3106 1146 3154 ln
1161 3105 1305 3168 pretectlcn
1318 3083 1407 3168 papale
1421 3104 1460 3154 lut
1470 3106 1522 3154 sul-

123 3183 232 3236 rirnonie
247 3187 281 3236 de
300 3186 468 3237 l’lnvestiture
481 3187 516 3236 du
536 3201 660 3249 rovaume
673 3189 705 3237 de
724 3189 798 3240 Salo·
836 3191 877 3241 vie
890 3192 952 3241 trois
962 3193 1034 3253 lours
1046 3192 1119 3254 apris
1130 3193 1162 3242 de
1172 3193 1342 3243 l’lnvcstlture
1354 3193 1485 3256 imperiale
1498 3214 1504 3242 :

123 3275 193 3340 stem
211 3278 292 3328 sulvlt
310 3276 534 3329 immedlsnment
549 3279 573 3328 te
588 3275 797 3331 eonronncrnent
867 3294 879 3321 ι
894 3277 1026 3330 universis
1038 3281 1134 3330 Glrlstl
1149 3279 1278 3330 fidelibus.

123 3363 149 3413 de
159 3365 244 3432 Plcrre
257 3365 291 3415 de
302 3367 443 3415 courtemd
457 3387 463 3416 ι
868 3385 880 3410 ι
893 3370 1025 3419 Honorius
1034 3371 1170 3432 episeopus
1179 3370 1303 3442 omnibns
1314 3375 1461 3432 presentem
1473 3383 1520 3434 pa-

152 3469 163 3495 ·
176 3455 309 3504 Demetrio
321 3455 372 3516 regi
385 3455 615 3510 thessalonicensi,
835 3456 922 3515 glnam
936 3455 1087 3517 inspecturis
1099 3459 1219 3506 salntem.

149 3545 304 3593 «Honorius
316 3545 464 3606 Episcopus,
476 3555 566 3594 servus
577 3551 709 3594 servorum
722 3543 778 3592 Del.
867 3559 879 3586 ι
891 3542 930 3592 ad
939 3555 1105 3594 communem
1115 3545 1233 3594 notitiam
1243 3545 1361 3594 velumus
1371 3545 1514 3605 pervenire,

149 3633 351 3692 scarlsslnro'ln
363 3633 465 3688 Christo
481 3634 535 3684 llllo
550 3633 688 3690 Demetrio,
703 3631 795 3682 illustri
835 3631 903 3694 qudd
916 3632 1073 3682 clarissimus
1087 3635 1112 3682 ln
1127 3633 1228 3683 Christo
1239 3632 1308 3682 littus
1320 3637 1415 3688 noster,
1430 3635 1518 3684 Petrus

122 3723 166 3784 regi
175 3723 407 3780 thessalonicensi,
420 3725 529 3774 salutem
541 3723 741 3786 etapostoilcam
754 3723 797 3772 be·
835 3719 930 3782 (Pierre
941 3722 974 3771 de
987 3721 1138 3785 Courtentl)
1152 3723 1455 3784 constantinopolitanus
1469 3724 1519 3772 im-

122 3811 302 3862 nedletionem.
835 3814 938 3870 perator
953 3809 1069 3868 illustris,
1082 3816 1139 3872 post
1153 3810 1341 3872 susceptionem
1355 3809 1370 3860 l
1385 3811 1460 3861 nobis
1474 3823 1519 3862 sne

149 3902 203 3952 tlt
223 3905 266 3950 tue
279 3901 386 3962 pnerlits
402 3903 478 3954 entis
491 3903 796 3965 remitteremus
835 3897 1147 3962 coronationisgratlsm,
1166 3899 1289 3950 dilectum
1304 3900 1387 3950 titium
1403 3901 1517 3952 nobilem

122 3989 183 4040 clara
193 3991 282 4042 dilecti
293 3992 519 4050 lilil,noblllsvlrl
532 3993 653 4044 willelmi
668 3995 797 4044 marchio-
835 3989 993 4038 Wlllelmum
1016 3989 1193 4039 melchionem
1219 3989 1454 4038 Montis-Ferrttit
1476 4003 1517 4039 re·

122 4075 158 4127 nis
167 4081 377 4139 Montis-Ferenti,
390 4059 474 4130 iratrls
485 4081 531 4138 tul,
542 4094 590 4130 nce
599 4093 651 4130 non
661 4079 796 4131 recolende
834 4081 952 4140 ceptum,
972 4079 1079 4140 noprlne
1094 4092 1140 4128 suo
1163 4081 1190 4127 et
1207 4077 1349 4127 charissimi
1371 4079 1395 4127 ln
1414 4079 1515 4129 Christo

124 4169 244 4219 memorie
255 4171 450 4231 progenitorum
462 4173 565 4219 tuorum
576 4171 677 4225 merita,
691 4183 793 4232 prome·
834 4163 882 4216 lllll
901 4168 983 4217 nostri
998 4168 1124 4218 Demetrii
1142 4167 1229 4218 iratrls
1248 4169 1288 4218 sul
1303 4169 1369 4230 regis
1382 4169 1516 4219 lumento·

123 4262 207 4306 entur
226 4261 256 4306 ul
272 4257 418 4319 Apostollca
436 4257 524 4316 Sedes,
539 4258 580 4308 cul
599 4269 700 4320 semper
709 4258 795 4310 devoti
835 4254 946 4309 nicensis
956 4255 1071 4312 illustris,
1084 4256 1116 4306 de
1127 4256 1253 4306 universis
1266 4256 1350 4314 terris,
1363 4255 1515 4314 redditibus,

122 4341 182 4395 sieut
193 4346 313 4398 catholici
330 4347 460 4409 principes
472 4349 621 4406 extiterunt,
636 4348 681 4397 tibi
701 4347 796 4399 laveris
835 4343 976 4394 bonoribus
990 4348 1016 4394 et
1027 4345 1135 4405 iustitiis
1152 4344 1185 4394 de
1200 4344 1295 4406 quibus
1308 4347 1377 4396 clare
1391 4347 1517 4395 memorie

122 4435 156 4483 sul
167 4437 276 4496 gratiam
288 4435 519 4487 debeatexhlpere.
532 4438 600 4488 utne
609 4437 723 4500 estquod
735 4451 789 4501 per·
835 4431 985 4482 Donllaelus
998 4437 1073 4494 pater
1087 4433 1200 4494 ipsorum
1215 4433 1248 4483 ab
1260 4433 1338 4495 ipsius
1352 4434 1515 4495 imperatoris

120 4534 203 4574 tunam
215 4527 242 4574 et
252 4529 451 4586 regnumtuum,
462 4537 521 4578 cum
533 4525 796 4590 omnibuspertlsen·
835 4521 1055 4583 predecessoribus
1071 4521 1155 4571 extttlt
1167 4521 1319 4578 insecutus,
1338 4521 1367 4570 ln
1386 4521 1473 4571 nostrl
1490 4528 1516 4572 et

122 4611 160 4660 tiis
174 4613 230 4672 elus
243 4617 272 4662 et
287 4613 346 4663 eills
366 4613 441 4663 bonis
463 4615 522 4672 tuis,
539 4615 587 4664 sub
606 4615 673 4665 beati
689 4617 756 4666 Petri
771 4621 796 4665 et
835 4612 944 4664 fratrum
966 4619 1112 4663 nostrorum
1133 4611 1261 4674 presentie
1280 4611 1418 4660 investivit.
1440 4611 1513 4662 Unde

124 4703 205 4752 nostrl
233 4703 395 4765 protectione
421 4705 593 4766 suscipimus,
621 4710 648 4756 et
671 4707 797 4768 presentis
835 4709 966 4766 presentes
977 4703 1074 4754 litteras
1087 4705 1113 4752 in
1125 4701 1360 4763 testimonium'lpsi
1371 4702 1513 4754 marchioni

121 4791 204 4854 scripti
212 4793 357 4855 patrocinio
366 4793 566 4870 communimus,
577 4796 730 4845 aucwritate
739 4809 796 4858 pre-
834 4781 1022 4851 concessimus,
1039 4805 1072 4842 ne
1089 4791 1159 4854 quod
1171 4789 1257 4842 corint
1273 4791 1348 4842 nobis
1364 4789 1515 4844 solemniter

120 4881 228 4930 mutium
248 4885 405 4940 statuentes,
421 4887 449 4932 ut
459 4891 495 4934 aa
510 4881 610 4934 terudltl
626 4883 674 4934 sub
690 4884 795 4946 speciali
835 4881 932 4933 lactum
946 4883 995 4932 luit
1005 4894 1126 4946 processu
1138 4885 1283 4946 temporum
1304 4884 1451 4934 indubium
1468 4899 1525 4956 va<

121 4972 263 5032 apostolice
281 4971 355 5022 sedis
373 4971 524 5024 defensione
543 4973 698 5046 consistant,
714 4974 795 5024 donec
835 4972 886 5022 leat
897 4971 1022 5023 revocari.

121 5053 258 5115 legitimam
268 5059 415 5118 perveneris
425 5058 456 5108 ad
466 5063 570 5109 etatem.
580 5059 648 5108 Nulli
660 5059 796 5122 erssohsne
866 5077 877 5102 ι
894 5061 988 5110 Datum
1000 5061 1129 5116 Laterani,
1144 5063 1200 5111 xvi
1218 5061 1339 5114 calendas
1354 5063 1428 5119 mall,
1444 5073 1513 5112 anno

123 5145 240 5206 paginam
266 5152 352 5196 nostre
374 5149 541 5209 protectionis
560 5153 585 5200 et
605 5149 794 5200 constitutionis
835 5149 919 5211 primo
933 5148 972 5211 (td
985 5149 1049 5202 avril
1064 5151 1167 5208 llll).-
