3928 6044
364 663 424 728 ars
585 643 953 724 nemraussnusus
973 657 1052 720 sun
1073 655 1123 721 m
1142 640 1288 720 uonna
1307 659 1540 747 rammrss.

368 810 476 866 tance
502 813 547 864 en
573 787 694 864 Morde
721 803 757 862 et
769 788 794 860 il
814 789 935 862 reunit
963 813 1002 868 sa
1025 785 1201 862 banniire
1228 786 1250 863 h
1271 787 1360 862 celle
1378 787 1424 860 de
1442 787 1618 880 ladislas‚
1643 791 1698 862 roi
1723 791 1770 863 de

366 917 507 1020 Naples,
526 911 660 988 arricrc
677 913 841 1013 petit-fils
857 913 905 990 de
918 939 959 992 ce
978 919 1066 992 Jean
1089 913 1136 988 de
1155 912 1276 1004 Sicile,
1291 929 1411 986 comte
1427 913 1474 986 de
1493 915 1670 1005 Gravina,
1687 917 1771 1014 puis

365 1043 412 1120 de
427 1047 563 1127 Duras,
584 1041 647 1138 qui
669 1035 765 1111 avalt
783 1063 847 1112 aru
865 1037 1011 1114 obtenir
1028 1036 1060 1108 la
1076 1037 1305 1144 principante
1324 1037 1370 1112 de
1387 1035 1509 1111 Morc‘e
1521 1061 1566 1112 en
1583 1063 1623 1115 se
1642 1037 1770 1116 laisant

366 1167 502 1242 francer
528 1163 575 1242 da
594 1163 693 1235 force
710 1185 798 1241 aveo
813 1161 960 1234 Mahaut
982 1161 1028 1232 de
1046 1161 1219 1252 Hainaut,
1240 1163 1422 1259 princesse
1449 1160 1635 1251 d’Achate,
1655 1182 1772 1234 vcuva

366 1293 412 1365 de
432 1293 541 1371 Louis
559 1291 606 1363 de
620 1297 844 1385 Bourgogne.
863 1293 906 1359 Et
925 1313 969 1360 en
992 1285 1076 1364 ellet
1091 1283 1265 1380 ladislas,
1286 1286 1371 1386 qui,
1393 1288 1484 1360 dans
1497 1283 1531 1359 le
1545 1301 1692 1385 partage
1707 1287 1771 1362 dea

368 1413 571 1515 depoullles
587 1413 723 1511 quoles
736 1409 834 1491 allids
848 1409 1010 1491 s’etaient
1026 1413 1091 1493 fait
1104 1411 1289 1504 d’avance,
1303 1435 1340 1483 se
1355 1410 1525 1486 re'servait
1537 1407 1710 1509 l’suique
1735 1426 1773 1485 et

366 1539 400 1611 lc
412 1535 671 1642 Pdloponnrise,
688 1559 771 1608 sans
784 1535 896 1607 doute
904 1559 972 1642 par
985 1537 1158 1608 souvenir
1170 1534 1233 1613 des
1246 1532 1472 1633 pritentions
1484 1533 1531 1606 de
1544 1557 1610 1608 son
1626 1537 1773 1607 auseae

364 1669 453 1736 Jean
478 1664 525 1734 de
540 1664 713 1751 Gravius,
733 1660 774 1732 fit
792 1675 871 1731 acte
890 1659 939 1735 de
955 1657 1175 1731 suzerainert
1189 1683 1235 1732 en
1254 1658 1459 1732 concedant
1478 1681 1545 1757 par
1563 1657 1597 1730 la
1623 1673 1771 1756 patente

365 1789 546 1879 suivante,
567 1813 612 1859 en
630 1786 702 1858 l’an
723 1785 827 1885 1394,
846 1782 865 1855 *a
884 1785 991 1856 Nerio
1011 1783 1225 1876 Acciaiuoli,
1243 1782 1321 1876 eth
1339 1783 1463 1862 dehut
1478 1779 1664 1862 d’htrirter
1677 1785 1771 1860 male

365 1914 412 1986 de
428 1894 553 2004 Nerio,
570 1911 590 1985 b
607 1937 660 1985 ses
672 1909 796 2001 freres,
810 1910 842 1982 le
857 1909 977 1982 ducht
992 1907 1223 2000 d'hthenes¹,
1241 1909 1332 1984 dont
1345 1910 1453 1984 Nerio
1467 1908 1662 1984 Acciaiuoli
1675 1910 1772 1985 avait

365 2063 410 2110 eu
429 2032 463 2110 le
480 2038 600 2136 proJet
616 2051 652 2118 et
669 2031 815 2134 l’espoir
830 2033 876 2106 de
889 2033 1085 2132 s'emparer
1099 2033 1268 2112 d'ahord.

419 2159 725 2250 «Ladislausfflei
740 2159 865 2255 gratit,
884 2159 1082 2252 Hungan'e,
1096 2157 1309 2247 Jerusalem,
1326 2157 1438 2248 Italic,
1448 2157 1636 2247 Dalmatia,
1654 2157 1771 2248 Dacia,-

367 2286 505 2374 Servle,
528 2285 684 2376 Galicie,
709 2279 921 2374 Lodomire,
943 2284 1133 2375 Comanis,
1158 2283 1395 2381 Bulgarieque
1413 2305 1496 2374 rex,
1525 2285 1714 2360 Provinoie
1736 2299 1773 2356 et

369 2414 613 2512 Foroalquicri
628 2437 671 2486 ac
691 2411 920 2486 Pedonrontls
938 2435 1073 2500 comes,
1091 2406 1268 2490 universis
1285 2423 1470 2518 presentes
1483 2408 1618 2488 litteras
1633 2410 1773 2512 inspec-

370 2541 475 2627 turis,
492 2537 565 2610 thur
586 2535 817 2647 presentibus
831 2535 942 2634 quhrn
962 2536 1104 2614 futuris.

418 2695 436 2730 a
451 2663 545 2740 Ciun
568 2664 723 2734 merenti
752 2661 854 2759 quod
876 2659 1052 2733 tribuitur
1073 2658 1183 2756 dignh
1206 2660 1253 2738 ad
1277 2661 1355 2757 ejus
1384 2659 1602 2756 conjunctos
1631 2673 1667 2732 et
1690 2683 1773 2758 pos·

372 2807 466 2861 teros
483 2803 721 2895 propagatur;
743 2813 818 2884 quo
842 2787 1006 2883 sequitur
1026 2800 1068 2857 ut
1084 2787 1249 2882 graviora
1270 2801 1477 2884 prestentur
1489 2783 1663 2884 obsequia
1683 2785 1772 2860 dum

371 2898 502 2986 collata
529 2922 730 2986 nascuntur
755 2937 908 2983 munera
931 2911 977 2984 ad
1000 2923 1163 3017 posteros
1193 2911 1406 3003 transitura3
1437 2907 1522 2983 sanie
1548 2910 1774 2984 attendentes

372 3037 569 3112 constantis
584 3035 766 3108 fidelitatis
781 3050 816 3108 et
832 3035 1026 3131 grandium
1043 3051 1078 3106 et
1092 3035 1237 3112 utilium
1251 3037 1480 3108 servitiorum
1501 3035 1570 3107 viri
1592 3033 1774 3130 magnifici

372 3162 468 3240 Nerii
487 3159 534 3234 de
547 3158 775 3255 Acciajuolis,
792 3159 932 3249 militis,
943 3159 1138 3230 consiliarii
1152 3173 1189 3230 et
1202 3159 1317 3231 fldells
1333 3161 1448 3231 nostrl
1463 3157 1602 3248 dilecti,
1616 3183 1685 3230 nec
1697 3181 1773 3230 non

372 3299 538 3390 sumptus
558 3297 593 3354 et
608 3281 747 3360 labores
761 3283 879 3353 varios
897 3307 990 3379 quos
1008 3283 1120 3354 sublit
1137 3283 1174 3354 in
1190 3283 1430 3379 acquisitione
1450 3281 1605 3354 ducatus
1619 3281 1775 3356 Athena-

373 3431 474 3496 rum,
495 3405 664 3503 illiusque
681 3406 912 3486 revocatione
931 3405 976 3476 dc
992 3404 1162 3484 manibus
1181 3405 1445 3483 nonnullorum
1463 3405 1671 3480 emulorum
1691 3429 1775 3476 nos-

373 3547 515 3610 trorum
532 3532 596 3628 qui
617 3529 756 3612 dictum
775 3529 951 3602 ducatum
978 3545 1105 3602 contra
1126 3553 1192 3602 nos
1213 3545 1434 3631 occupatum
1451 3530 1640 3618 tenebant,
1657 3529 1775 3601 eidem

373 3655 482 3726 Nerio
502 3679 544 3732 ac
558 3655 630 3725 suis
651 3653 848 3732 heredibus
871 3655 909 3726 in
928 3669 1165 3752 perpetuum,
1179 3653 1363 3727 civitatem
1383 3669 1419 3728 et
1437 3651 1609 3727 ducatum
1631 3653 1775 3752 predic-

372 3795 453 3858 tum
478 3778 721 3870 Athenarum,
737 3804 822 3857 cum
842 3780 961 3869 terris,
976 3780 1115 3870 castris,
1142 3779 1340 3870 fortalitiis,
1357 3779 1552 3870 casalibus,
1569 3777 1678 3870 villis,
1695 3803 1775 3850 orn-

374 3901 484 3978 nibus
501 3901 674 3993 vassallis,
695 3903 841 3999 juribus
865 3920 900 3975 et
919 3903 1148 4002 pertinentiis
1172 3903 1345 3977 omnibus
1364 3903 1410 3977 ad
1433 3903 1575 3983 dictum
1598 3903 1775 3980 ducatum

374 4025 632 4126 spectantibus,
649 4051 714 4135 per
732 4041 860 4125 patens
873 4027 1105 4126 privilegium
1122 4043 1289 4100 nostrum
1307 4029 1565 4118 concessimus,
1582 4028 1777 4127 ipsumque

375 4151 524 4224 Nerium
534 4153 580 4224 -in
603 4151 735 4224 ducem
753 4151 977 4226 Athenarum
994 4153 1211 4258 prefecimus
1225 4178 1290 4262 per
1307 4155 1436 4233 seriem
1454 4152 1543 4234 dicti
1566 4153 1682 4233 nostri
1700 4153 1776 4250 pri-

375 4277 508 4379 vilegii,
523 4277 592 4353 hec
609 4293 645 4350 et
658 4277 726 4356 alia
739 4277 881 4377 plenius
895 4280 1127 4358 continentis
1230 4331 1231 4336 η

423 4387 604 4478 «Naviter
620 4418 741 4477 autem
760 4393 1033 4486 considerantes
1050 4401 1152 4501 qubd
1171 4402 1267 4486 idem
1283 4403 1409 4476 Nerius
1422 4401 1590 4500 legitimis
1608 4399 1779 4476 masculis

374 4526 634 4624 presentialiter
654 4542 752 4602 caret
773 4525 911 4618 liberis,
925 4553 994 4602 uec
1015 4527 1176 4605 volentes
1201 4527 1304 4625 qubd
1327 4527 1500 4626 premissa
1522 4550 1589 4623 per
1610 4549 1679 4598 nos
1707 4523 1778 4599 sibi

374 4651 468 4725 lacta
485 4645 684 4744 concessio,
703 4629 795 4724 sicut
808 4651 1023 4760 plerumque
1037 4647 1127 4732 solet
1140 4649 1321 4743 accidere«,
1339 4651 1386 4730 ad
1403 4655 1581 4760 personas
1595 4663 1779 4730 exnaneas

402 4919 411 4950 ¹
423 4922 510 4980 voves
523 4919 588 4972 dans
598 4921 688 4973 Arene
706 4925 803 4976 Attico
814 4921 840 4972 tt
855 4923 993 4975 Franocsoo
1006 4923 1054 4979 tta-
1072 4929 1077 4982 t,
1094 4921 1190 4976 d‘rsara
1201 4922 1327 4986 comptas
1340 4921 1431 4973 dttatls
1444 4935 1489 4974 snr
1502 4923 1572 4973 teon
1583 4921 1780 4986 personum·

375 5007 454 5067 ncltt,
467 5015 575 5061 avocato
591 5017 694 5063 veneto.
708 5015 826 5074 venezia,
842 5015 910 5074 Ποῖ,
926 5015 1004 5070 tn·t'‚
1026 5027 1052 5077 p.
1094 5011 1198 5062 renvctc
1218 5010 1233 5062 t
1257 5015 1297 5064 eet
1313 5023 1433 5077 ouvrage.
1453 5013 1560 5073 n’ayant
1579 5009 1744 5061 mor-mens
1762 5005 1779 5064 δ

369 5102 427 5148 ato.
439 5099 536 5150 Faasttt
558 5113 573 5162 ι
589 5100 679 5152 donna
693 5101 726 5154 dc
741 5101 859 5154 tantatus
876 5103 912 5156 tar
933 5105 1054 5167 postratts
1093 5101 1198 5154 donner
1206 5101 1344 5170 teton'unc
1352 5101 1439 5154 notite
1451 5099 1502 5151 tort
1514 5099 1645 5152 succtnctc
1655 5111 1700 5151 aar
1709 5101 1781 5160 cette

369 5187 414 5238 des
425 5187 488 5238 durs
506 5186 644 5239 &Athenas
655 5188 686 5239 rte
700 5189 725 5240 ta
741 5189 840 5240 tamilla
855 5189 1013 5248 hortatum,
1026 5195 1052 5241 ct
1094 5191 1202 5244 tamilla.
