3914 6046
684 627 1009 696 nttttonttc'rtott.
1509 639 1548 700 55

138 759 329 857 requirens
358 783 417 832 me
456 759 599 833 dictum
624 763 813 835 noterium
849 761 950 860 quud
980 759 1028 834 de
1054 760 1160 836 dictis
1181 763 1318 853 verbis,
1347 787 1449 836 suern
1477 792 1548 840 vo-

137 882 316 954 luntatem
344 883 636 976 continentibus,
656 899 698 958 ut
722 883 887 976 dicebat,
916 886 985 959 sibi
1008 885 1228 960 conficerem
1252 885 1443 987 publicum
1473 891 1546 963 ins·

138 1021 385 1097 trumentum,
412 1021 449 1080 et
471 1006 574 1105 quud
599 1008 756 1082 indicto
778 1009 1023 1083 instrumento
1046 1011 1086 1083 in
1113 1011 1314 1084 Romencio
1336 1035 1399 1084 seu
1423 1010 1548 1112 lingue

7 1185 8 1220 ,
139 1127 312 1226 guldcnnir
325 1153 502 1228 ponerem
509 1129 607 1204 dieu
617 1129 739 1206 verbs.
752 1135 863 1232 Cujus
875 1134 1089 1246 petitionem
1099 1157 1266 1206 annuens
1280 1149 1316 1206 et
1329 1136 1545 1230 concedens,

7 1299 9 1348 5
138 1253 204 1328 sibi
228 1254 370 1328 dictum
388 1257 674 1332 instrumentum
701 1257 818 1332 secere
840 1257 994 1354 dignum
1015 1257 1116 1332 duxi.
1134 1257 1255 1332 Verba
1280 1259 1376 1334 dicte
1396 1260 1547 1336 domine

7 1403 9 1424 ¹
137 1399 227 1458 sunt
242 1381 332 1457 hec:

7 1593 9 1614 ,
182 1537 201 1572 ι
216 1512 278 1596 te,
306 1503 525 1598 Katherine,
551 1506 730 1582 eins-nee
754 1504 828 1582 title
849 1507 897 1582 de
922 1505 1033 1584 noble
1055 1506 1167 1581 horne
1191 1523 1227 1582 et
1252 1510 1415 1609 puissunt
1439 1535 1573 1593 tnon·¹

7 1635 9 1704 ξ
135 1633 307 1726 seigneur
331 1628 500 1719 Charies,
524 1629 580 1704 fuls
609 1630 661 1704 dtr
691 1655 757 1728 roy
781 1630 828 1706 de
852 1636 989 1706 France
1014 1646 1050 1706 et
1076 1647 1184 1706 conte
1206 1632 1254 1706 de
1278 1633 1413 1725 Velois,
1441 1635 1545 1709 etde

7 1741 9 1778 ³
135 1755 262 1828 bonne
286 1755 483 1846 memnire,
514 1753 712 1828 Kstherine
726 1807 737 1845 ,
753 1751 849 1852 jedis
874 1755 1075 1855 emperiere
1110 1755 1158 1828 de
1183 1757 1484 1832 Constantinoble
1508 1773 1544 1832 et

7 1977 9 1992 V
135 1880 230 1952 seme
257 1878 310 1952 du
335 1876 392 1952 dit
417 1877 675 1975 monseigneur
695 1877 730 1952 ie
755 1893 864 1953 conte
886 1878 933 1952 de
954 1877 1096 1970 Velois,
1122 1903 1166 1978 uy
1193 1880 1354 1954 entendu
1380 1905 1454 1980 que
1477 1905 1544 1956 eu·

7 2021 8 2106 3
135 2029 250 2079 curres
277 2026 533 2076 convenenccs
557 2004 680 2078 iurent
704 2001 807 2105 pisce
833 2003 998 2078 treictees
1027 2017 1064 2079 et
1091 2005 1285 2080 uecorddes
1309 2023 1412 2081 entre
1436 2032 1544 2080 mon·

99 2201 104 2208 ,
134 2130 302 2225 seigneur
322 2145 409 2200 tnon
436 2151 524 2227 perc
546 2127 680 2202 devant
711 2127 766 2202 dit
790 2151 887 2229 pour
913 2129 989 2202 moi
1014 2127 1128 2202 d’une
1159 2143 1242 2229 pert
1271 2143 1309 2204 et
1336 2127 1371 2204 le
1397 2129 1470 2205 duc
1496 2131 1544 2206 de

7 2267 9 2320 t
135 2254 363 2350 Bourgoigne
379 2252 651 2326 desrninenrent
669 2265 784 2346 mort,
801 2277 898 2354 pour
919 2252 954 2326 le
975 2251 1049 2326 duc
1072 2277 1139 2326 son
1155 2252 1213 2326 fiis
1231 2256 1297 2354 qui
1317 2257 1544 2362 maintensnt

7 2363 9 2440 ἱ
135 2394 185 2450 est
214 2377 380 2466 d'autre,
404 2401 465 2448 sus
480 2379 638 2473 mariage
656 2377 744 2448 faire
771 2391 874 2451 entre
894 2375 929 2449 le
944 2377 999 2450 dit
1015 2375 1090 2452 duc
1108 2377 1173 2475 qui
1190 2379 1420 2453 meintenunt
1435 2395 1487 2454 est
1506 2393 1543 2454 et

136 2527 235 2600 uroy;
259 2517 298 2574 et
311 2523 455 2575 cornmc
471 2500 636 2602 l'crupire
648 2501 695 2575 de
706 2500 1008 2576 Constantinoble
1023 2505 1257 2603 appertiegne
1274 2502 1391 2604 imoy
1406 2505 1541 2580 ttathe-

7 2607 8 2628 ¹
135 2628 215 2700 rine
229 2625 368 2698 deuant
383 2625 458 2699 dite
475 2649 543 2724 per
557 2625 592 2698 ln
606 2628 808 2700 succession
829 2651 890 2698 rna
909 2625 984 2699 dite
999 2651 1115 2718 mere,
1136 2626 1182 2700 de
1196 2651 1311 2728 quoy,
1335 2653 1432 2728 pour
1449 2627 1543 2704 t’ho-

7 2847 8 2852 ἵ
135 2775 228 2825 neur
257 2751 306 2824 de
330 2753 423 2824 Dieu
444 2767 480 2826 et
502 2751 550 2826 de
572 2752 782 2844 cresttenre,
804 2751 877 2852 j'ay
897 2754 1043 2826 mestier
1065 2751 1112 2826 de
1138 2752 1249 2827 home
1273 2755 1375 2827 aruir
1400 2755 1421 2828 ir
1449 2757 1541 2829 muri

134 2877 196 2974 qui
207 2876 284 2948 soit
301 2875 517 2976 appareille,
541 2891 578 2950 et
595 2874 726 2950 rueilie
741 2891 777 2950 et
803 2879 923 2977 puisse
942 2877 1207 2978 entreprsndre
1229 2876 1299 2951 tres
1313 2881 1541 2953 maintennnt

133 2998 180 3074 les
196 3001 393 3098 besoignes
406 3000 453 3074 de
468 3001 651 3101 l'empire,
665 3018 701 3075 et
718 3001 745 3074 li
762 3000 818 3074 dis
831 3001 906 3076 dux
928 3025 974 3074 ne
994 3003 1064 3076 soit
1082 3027 1147 3102 pas
1165 3001 1358 3103 eppereiiie
1377 3029 1424 3077 ne
1438 3007 1542 3105 puis·

133 3139 232 3218 sant,
249 3126 283 3197 si
305 3149 450 3198 conune
465 3128 503 3223 jc
520 3151 566 3222 ay
582 3124 743 3199 entendu
765 3149 832 3226 pur
850 3127 993 3200 bonnes
1010 3151 1098 3224 gens
1118 3125 1245 3225 dignes
1258 3127 1305 3201 de
1325 3127 1397 3228 ioy,
1411 3129 1459 3202 de
1473 3153 1540 3202 en-

7 3327 8 3366 ,
134 3249 348 3348 treprendre
375 3250 410 3322 ls
436 3250 611 3348 besoigne
637 3251 773 3325 devant
799 3251 893 3342 dite,
913 3275 1009 3350 pour
1037 3277 1100 3343 ce,
1122 3253 1160 3350 je
1184 3251 1370 3351 n’ttccepte
1397 3277 1462 3352 pes
1488 3253 1541 3326 les

7 3399 8 3402 ¹
133 3395 385 3447 convenences
396 3373 532 3448 devant
548 3373 643 3448 dites
662 3399 709 3448 ne
729 3374 763 3448 le
780 3377 936 3471 mariage
952 3375 1004 3448 du
1026 3375 1081 3448 dit
1100 3375 1192 3469 duc,
1210 3378 1289 3449 ains
1304 3377 1338 3448 ie
1361 3379 1480 3452 resuse
1501 3393 1540 3450 et

133 3521 267 3590 secuse,
284 3511 321 3571 et
332 3497 487 3572 reciurne
501 3514 631 3572 contre
644 3497 695 3571 ies
708 3523 959 3571 convenences
972 3499 1105 3571 devant
1115 3499 1225 3591 dites;
1239 3516 1276 3573 et
1291 3523 1350 3572 me
1362 3501 1452 3601 plait
1465 3525 1539 3598 quc

8 3633 9 3636 ’
136 3625 292 3723 maringe
317 3623 387 3697 scit
409 3623 475 3698 fais
495 3641 599 3700 entre
622 3623 655 3696 ie
678 3625 806 3724 prince
831 3622 880 3696 de
901 3628 1073 3714 Tereum,
1097 3622 1154 3697 tite
1176 3623 1226 3698 du
1251 3649 1317 3722 roy
1337 3623 1386 3700 de
1405 3625 1537 3716 Sezile,

133 3749 160 3820 si
178 3749 297 3822 sainte
311 3748 425 3847 Eglise
438 3749 481 3822 s’i
502 3748 657 3840 acorde,
673 3749 765 3822 ainsi
784 3771 929 3822 comme
952 3748 977 3821 li
995 3773 1061 3848 roy
1082 3748 1129 3822 de
1151 3752 1287 3822 Frence
1310 3770 1386 3823 mes
1413 3749 1538 3823 oncies

134 3890 167 3947 et
177 3899 270 3948 rnon
283 3877 451 3973 seigneur
463 3899 551 3950 mon
566 3901 654 3975 pere
666 3874 899 3951 acorderont.

176 4005 337 4074 «Actum
351 3999 412 4073 die
428 4001 528 4074 Jovis
541 4001 579 4072 in
599 3999 690 4075 sesto
703 4001 817 4073 sancti
831 3998 1075 4074 Bartholomei
1090 3999 1262 4099 apostoli,
1277 4002 1315 4072 in
1326 4015 1444 4074 castro
1458 4002 1537 4075 Sel·

134 4126 242 4196 tnurii
267 4123 456 4225 (Snumur)
470 4175 480 4214 ‚
492 4125 599 4198 annis
618 4123 828 4198 indictionis
847 4139 883 4198 et
896 4125 1081 4224 pontificis
1098 4125 1287 4223 predictis,
1308 4125 1537 4225 presentibus

134 4248 320 4328 nobilibus
344 4251 433 4323 viris
445 4248 647 4324 Bertrendo
673 4249 721 4325 de
741 4247 833 4325 nitio
855 4249 968 4323 milite
992 4249 1134 4322 domini
1149 4251 1260 4349 regis,
1274 4249 1423 4325 domins
1440 4254 1535 4325 Mer·

133 4377 251 4468 geretis
267 4375 346 4471 ejus
362 4399 494 4466 unxore,
513 4372 666 4450 domino
680 4381 788 4451 Petro
800 4375 848 4450 de
860 4372 1135 4467 Calvo-Monte,
1152 4373 1340 4477 capellano
1355 4391 1534 4479 perpetuo

134 4499 169 4569 in
185 4497 336 4572 ecclesie
350 4499 466 4572 suncti
481 4503 576 4572 Petri
598 4499 645 4572 de
660 4499 848 4589 Setinum,
868 4515 903 4571 et
928 4500 1097 4597 magistro
1116 4504 1221 4572 Petro
1239 4499 1340 4572 dicto
1359 4504 1531 4598 Mangon,

134 4621 285 4695 testibus
294 4622 341 4694 sd
356 4621 429 4696 hcc
442 4624 644 4723 specialiter
656 4625 805 4698 vocetis.
816 4627 859 4695 Et
871 4647 938 4720 ego
952 4621 1166 4722 liudulphus
1179 4622 1297 4696 dictus
1308 4628 1410 4720 Byot,
1423 4621 1535 4723 bayo-

132 4749 408 4822 censisdiocesis
421 4749 592 4849 publicus
604 4752 819 4826 auctoritate
834 4749 1012 4850 imperiali
1027 4751 1206 4840 notarius,
1220 4747 1394 4823 omnibus
1406 4775 1533 4850 supre-

132 4873 274 4971 scriptis
286 4897 435 4972 pemeus
449 4873 517 4964 tui,
528 4888 566 4946 et
578 4873 743 4973 predicta
757 4873 869 4948 verbu
882 4873 1029 4963 audivi,
1048 4888 1085 4945 et
1097 4873 1249 4974 proprie
1261 4897 1373 4948 manu
1388 4875 1530 4976 scripsi,

133 5011 167 5068 et
188 4999 224 5070 in
248 4997 346 5072 hanc
363 4997 551 5098 publicum
565 4998 721 5072 formem
738 4999 876 5096 redegi,
893 5000 1071 5096 signoque
1087 5023 1169 5072 meo
1183 4998 1290 5074 solito
1312 5001 1451 5096 signavi
1475 5027 1532 5072 ro·

132 5137 250 5215 gutns,
267 5125 304 5198 in
323 5126 570 5198 testimouium
591 5124 870 5224 premissorum,
890 5139 958 5196 etc.
978 5155 995 5188 u
1220 5121 1227 5137 '
