3862 6048
420 659 478 724 aaa
643 643 1008 766 snrrncrssnums
1028 659 1106 725 sun
1128 662 1178 725 m
1198 642 1341 727 mnaso
1361 655 1591 756 rnmcrtss.

419 793 600 864 d'hcha'r'e.
623 798 665 866 le
684 793 808 866 donne
829 795 863 867 le
884 807 976 867 teate
996 795 1047 868 du
1071 781 1309 868 traitdrelatif
1320 795 1340 868 a
1361 797 1507 870 llahaut
1530 771 1719 888 montier,
1738 799 1811 870 asin

418 917 570 991 d'dviter
582 917 777 992 de'sormais
796 933 896 992 toute
914 943 1021 993 cause
1039 917 1204 993 d’erreur
1221 919 1312 994 dans
1325 937 1418 996 cette
1439 921 1638 996 discussion
1656 951 1664 994 ε

466 1073 484 1109 α
502 1043 689 1143 Philippus
699 1047 764 1116 Dei
785 1047 897 1142 gratia
912 1049 1131 1118 Francorum
1150 1071 1211 1119 rex
1224 1047 1250 1118 ¹.

468 1195 485 1232 a
499 1173 633 1243 Notum
654 1169 803 1240 facimus
821 1170 995 1242 universis
1015 1167 1088 1242 tam
1102 1169 1330 1270 presentibus
1347 1169 1458 1270 quam
1471 1171 1602 1243 futuris
1614 1167 1715 1269 quhd
1726 1171 1811 1244 clam

416 1293 510 1365 inter
520 1295 742 1366 carissimum
756 1315 967 1391 germanum
976 1311 1013 1368 et
1023 1296 1167 1370 fidelem
1177 1313 1343 1370 nostrum
1353 1297 1527 1370 Karolum
1536 1297 1684 1390 Valesic,
1696 1298 1812 1372 Anda-

414 1416 528 1509 gavia,
542 1415 714 1512 alenconi
728 1434 763 1489 et
774 1421 1006 1491 Carnoten‘sis
1026 1421 1197 1492 comitem
1210 1445 1253 1492 ex
1267 1423 1339 1492 una
1353 1435 1456 1520 parte
1474 1435 1509 1492 et
1523 1419 1622 1492 bone
1636 1423 1812 1495 memorie

416 1539 617 1612 Robertum
634 1541 822 1638 quondam
836 1535 967 1616 ducem
986 1541 1191 1640 Burgundio
1203 1567 1245 1616 ex
1258 1543 1368 1617 altera
1387 1557 1579 1619 tractatum
1593 1546 1727 1636 fuisset,
1744 1547 1809 1618 diu

413 1675 486 1752 est,
509 1661 555 1734 de
573 1664 812 1736 matrimoniis
832 1665 1088 1738 contrahendis
1107 1665 1201 1737 inter
1215 1669 1405 1764 Hugonem
1423 1668 1707 1770 primogenitum
1721 1667 1808 1742 dicti

412 1787 602 1882 quondam
619 1789 764 1860 Roberti
779 1813 879 1860 nunc
891 1789 1023 1862 ducem
1037 1791 1244 1886 Burgundie
1258 1793 1482 1864 carissimum
1496 1793 1810 1890 consanguineum

412 1927 449 1982 et
465 1911 608 1984 fidelem
627 1927 792 1986 nostrum
809 1929 845 1985 et
865 1913 1097 1988 Katherinam
1108 1915 1388 2013 primogenitam
1401 1915 1491 1990 dicti
1504 1915 1626 1990 Karoli
1641 1943 1683 1989 ex
1695 1919 1809 2016 ipsius

412 2044 448 2108 e't
458 2037 654 2110 llatherine
663 2039 900 2137 imperatricis
911 2043 1096 2112 Constant.
1110 2040 1298 2136 quondam
1313 2043 1489 2114 consortis
1501 2067 1564 2114 sue
1575 2044 1809 2114 matrimonio

411 2175 640 2260 procreatam
650 2187 693 2234 ex
706 2177 809 2260 parte
819 2165 949 2252 undet
962 2164 1058 2234 inter
1071 2163 1279 2263 Philippum
1289 2163 1377 2238 dicti
1387 2163 1509 2238 Karoli
1525 2167 1806 2264 primogenitum

413 2297 455 2356 cx
473 2285 585 2382 ipsius
604 2301 641 2357 et
653 2290 847 2382 Margarete
861 2287 1038 2359 consortis
1054 2310 1118 2359 sue
1135 2287 1266 2386 prioris
1282 2289 1505 2362 matrimonii
1521 2304 1749 2388 procreatam
1765 2313 1809 2362 ac

412 2408 619 2482 lohannam
639 2409 728 2483 dicti
747 2407 937 2509 quondam'
954 2412 1101 2484 Roberti
1116 2409 1218 2485 ducis
1240 2411 1350 2485 liliam
1366 2411 1550 2504 exaltem,
1566 2429 1603 2487 ct
1621 2411 1809 2512 supradic-

412 2534 457 2606 tis
476 2533 715 2607 matrimoniis
734 2551 831 2608 certe
850 2537 1118 2610 convenciones
1140 2539 1235 2610 inter
1256 2539 1350 2637 ipsa's
1366 2553 1485 2637 partes
1514 2537 1665 2611 luissent
1684 2537 1810 2612 habite

410 2669 446 2730 et
458 2659 645 2757 promisse,
660 2656 828 2757 dictaque
836 2661 1057 2758 imperatrix,
1073 2660 1269 2760 antequam
1281 2664 1318 2734 in
1329 2661 1413 2762 ipsis
1428 2661 1668 2736 matrimoniis
1680 2664 1736 2735 vel
1749 2689 1809 2737 eo-

410 2807 494 2854 rum
509 2782 623 2855 altero
641 2785 764 2856 fuisset
784 2799 1011 2882 processum,
1026 2783 1245 2878 decessisset,
1262 2809 1329 2885 per
1343 2787 1446 2884 cujus
1462 2785 1604 2859 obitum
1617 2788 1805 2860 Constant.

409 2903 606 3003 imperium
625 2921 662 2977 et
680 2907 757 3003 ejus
779 2907 861 3002 jura
889 2905 934 2979 ad
955 2909 1069 3006 ipsam
1090 2908 1326 2981 Katherina‘m
1350 2887 1576 3007 progenitam
1599 2935 1701 2983 suam
1720 2925 1809 2984 sunt

407 3021 627 3102 hereditarie¹
656 3029 856 3104 devoluta:
879 3029 1026 3105 tandem
1051 3033 1158 3113 nobis
1184 3057 1269 3106 cum
1298 3036 1523 3108 sanctissimo
1549 3051 1652 3134 patre
1679 3051 1806 3109 nostro

406 3177 553 3228 summo
567 3153 742 3252 pontifice
754 3155 853 3255 apud
868 3158 1034 3247 Pietatis,
1049 3181 1120 3256 pro
1139 3155 1335 3231 tractandis
1350 3160 1509 3255 negociis
1528 3159 1613 3232 fidei
1628 3159 1808 3234 catholice

407 3277 724 3366 convenientibus,
740 3279 787 3350 ad
805 3280 924 3377 ipsum
945 3269 1389 3378 constantinopolitanum
1403 3282 1596 3382 imperium
1618 3282 1718 3381 quod
1737 3287 1808 3382 per

406 3401 519 3498 ipsius
541 3402 779 3500 imperatricis
795 3401 937 3476 obitum
960 3411 1060 3476 extra
1078 3423 1207 3478 manus
1224 3406 1335 3505 ipsius
1352 3406 1475 3478 Karoli
1497 3406 1709 3479 translatum
1727 3421 1806 3480 erat

406 3528 582 3625 cujusque
605 3529 689 3624 jura
712 3530 751 3600 in
781 3529 908 3602 eodem
939 3527 1037 3602 nulla
1063 3545 1169 3603 tenus
1195 3529 1418 3622 residebant,
1446 3531 1492 3606 ad
1518 3533 1692 3606 unionem
1717 3531 1808 3606 fidei

404 3649 581 3723 catholice
597 3651 722 3723 reduci
738 3669 857 3751 posset
871 3655 1045 3726 intuitum
1059 3671 1182 3726 nostre
1194 3653 1495 3728 considerationis
1509 3638 1734 3730 sertenu‘hus
1744 3712 1754 3749 ,
1766 3671 1806 3730 et

404 3771 674 3846 attendentibus
691 3775 791 3873 quod
809 3774 927 3849 dictus
945 3777 1123 3851 ltchertus
1140 3777 1329 3875 quondam
1350 3777 1426 3851 dux
1438 3779 1662 3878 Burgundio,
1676 3766 1741 3879 qui
1755 3781 1804 3856 ad

406 3918 562 3991 regnum
569 3895 889 3972 Thessalonicense
907 3899 1060 3974 sibidm
1080 3901 1253 3975 collatum
1268 3919 1320 3976 est
1339 3905 1619 4002 acquirendum,
1636 3905 1806 3978 laborare

344 4003 348 4008 ¹
404 4033 441 4092 et
463 4040 636 4117 magrtum
650 4024 687 4108 in
702 4023 772 4099 bac
789 4041 893 4125 parte
907 4025 1008 4100 dicto
1029 4027 1164 4101 Karolo
1178 4029 1389 4126 suffragium
1403 4031 1522 4104 facere
1533 4033 1747 4132 sperabatur
1764 4047 1804 4105 et

403 4159 563 4242 poterat,
588 4143 686 4220 diem
706 4147 882 4222 clauserat
901 4166 1118 4244 extremum,
1143 4169 1179 4225 et
1196 4153 1431 4227 consideratis
1455 4155 1562 4229 etiam
1586 4157 1664 4229 aliis
1685 4157 1803 4230 causis

402 4260 573 4366 pluribus
594 4289 668 4367 que
686 4293 753 4346 nos
767 4273 814 4344 ad
831 4272 903 4346 hoc
919 4275 1183 4348 rationabiliter
1202 4295 1348 4350 movere
1361 4293 1530 4377 poterant
1550 4295 1586 4352 et
1603 4269 1802 4373 debebant,

403 4413 488 4464 curn
502 4393 582 4492 ipso
595 4417 741 4468 summo
758 4392 951 4496 pontifice,
967 4401 1131 4498 diligenti
1145 4397 1407 4476 deliberatione
1420 4403 1622 4503 perhabitA,
1638 4405 1802 4504 providi-

402 4537 484 4590 mus
503 4517 638 4592 honori
662 4536 698 4592 et
717 4528 1007 4620 augmentacioni
1032 4527 1211 4603 catholice
1234 4525 1320 4601 fidel
1344 4555 1386 4602 ac
1412 4533 1685 4630 recuperacioni
1711 4531 1801 4604 dicti

402 4643 546 4742 imperii
563 4669 638 4720 non
663 4647 896 4724 mediocriter
912 4649 1081 4750 expedire
1095 4653 1222 4751 ‘ipsam
1250 4651 1484 4728 Katherinam
1500 4657 1609 4728 alieni
1629 4651 1748 4728 nobili
1764 4669 1801 4728 et

401 4769 541 4863 potenti
555 4773 634 4843 viro
653 4774 719 4870 qui
738 4772 850 4873 hujus
866 4776 1178 4874 recuperationem
1193 4777 1346 4855 viriliter
1362 4795 1499 4878 posset,
1519 4781 1625 4854 sciret
1643 4795 1681 4852 et
1692 4780 1802 4856 vellet

340 5067 343 5074 Ι
436 5097 575 5150 'Archltes
591 5098 627 5150 du
644 5113 776 5163 romane,
788 5107 878 5155 carlou
896 5109 920 5158 t.
936 5108 1018 5166 51.ηο
1034 5109 1074 5162 tt.
1116 5107 1235 5170 Htetctm
1252 5108 1376 5178 alatreta
1394 5112 1439 5162 rtet
1457 5112 1522 5164 dura
1541 5109 1747 5182 &Rauracum
1764 5115 1797 5166 tte

400 5189 447 5239 cet
465 5190 521 5239 acte
531 5191 569 5240 est
585 5189 674 5241 docnt
684 5191 752 5244 aaut
763 5205 810 5254 par
829 5195 914 5247 Andre
928 5195 1073 5256 nuctcsnc,
1117 5199 1145 5249 to
1160 5202 1266 5251 motam
1281 5199 1314 5252 tte
1336 5199 1450 5260 Fronte.
1464 5204 1582 5262 treuvas,
1600 5213 1664 5266 page
1683 5204 1739 5254 tta.
