3846 6044
350 672 406 734 154
570 652 936 728 mulrncrssuuaus
957 663 1035 723 sun
1060 659 1109 724 m
1129 640 1273 722 uona'a
1294 637 1538 747 ausaausa·

355 803 527 888 trissim0,
544 795 741 868 ualduinus
766 793 891 865 eadem
912 793 1022 889 gratia
1043 787 1271 861 fidelissimus
1293 789 1331 857 in
1349 785 1492 871 Christo
1511 788 1710 884 imperator
1734 787 1757 858 ir

352 931 429 996 Deo
444 935 662 1006 coronatus,
689 918 863 990 Romanis
886 915 1093 988 moderator
1107 929 1142 985 et
1162 937 1305 1010 semper
1324 925 1514 1006 augustus,
1537 912 1758 1006 consangui-

348 1073 438 1119 neus
452 1069 547 1126 suus,
562 1042 726 1130 salutem,
740 1057 776 1112 et
788 1063 1046 1138 prosperorum
1060 1061 1291 1109 successuum
1312 1036 1531 1125 continuum
1552 1035 1756 1107 incremen-

356 1189 444 1242 lum.

399 1291 675 1364 «Intelleximus
695 1286 795 1385 quod
820 1287 1028 1359 Sublimitas
1049 1289 1174 1356 Vestra
1194 1285 1322 1356 mirata
1345 1297 1397 1355 est
1418 1299 1454 1355 et
1470 1285 1577 1355 etiam
1605 1281 1754 1356 moleste

350 1420 473 1514 gessit,
498 1415 599 1514 qnod
626 1439 692 1486 nos
716 1427 847 1483 terram
871 1425 1031 1482 nostram
1056 1409 1102 1480 de
1123 1410 1333 1481 Curtiniaco
1353 1410 1507 1504 princpi
1528 1407 1663 1480 Aetna
1692 1409 1758 1480 de·

351 1543 535 1630 decamus,
549 1553 660 1637 prout
673 1561 738 1634 per
752 1535 886 1606 litteras
901 1548 1041 1604 nostras
1049 1537 1175 1604 Vestra
1186 1531 1469 1628 significavimus
1480 1532 1666 1627 Majestati.
1685 1537 1758 1604 Nos

354 1665 441 1736 verb
457 1687 566 1760 super
581 1660 856 1732 admirationem
873 1672 1026 1728 vestram
1043 1655 1165 1753 potiirs
1175 1655 1408 1740 admiramur,
1427 1656 1632 1727 sicutenim
1646 1656 1757 1728 Celsi·

353 1788 472 1859 tudini
487 1791 611 1858 Vestre
631 1785 715 1854 satis
734 1796 898 1854 constare
921 1780 1055 1878 potuit,
1076 1777 1150 1850 tam
1173 1786 1242 1876 per'
1254 1777 1390 1850 litteras
1405 1793 1544 1850 nostras
1558 1778 1668 1875 quam
1691 1803 1759 1876 per

353 1909 642 2007 numiosplures,
658 1921 757 1978 tante
770 1905 892 2002 inopie
903 1919 938 1975 et
946 1903 1167 2001 paupertatis
1181 1903 1345 1999 angustia
1361 1902 1576 1975 tenebamur
1591 1903 1758 2000 oppressi
1870 1932 1879 1952 ·

354 2039 437 2109 clun
451 2034 615 2132 prefatus
630 2035 791 2129 pnnceps
811 2033 848 2099 in
873 2029 1202 2126 Constantinopolim
1221 2027 1272 2098 ad
1287 2054 1352 2098 nos
1372 2031 1478 2116 venit,
1495 2027 1597 2125 qubd
1613 2027 1760 2126 penitirs

356 2160 613 2257 ignorabamus
633 2159 708 2255 qub
729 2159 781 2230 ire
806 2173 869 2229 aut
886 2157 975 2252 quid
996 2157 1113 2228 facere
1131 2156 1358 2228 deberemus.
1380 2156 1472 2227 Cirm
1488 2154 1574 2250 ergb
1594 2155 1641 2226 de
1658 2155 1760 2226 dicto

355 2283 520 2382 principe
539 2307 713 2377 magnum
739 2281 964 2376 adjutorium
988 2303 1214 2377 speraremus
1236 2294 1278 2350 et¹
1291 2278 1338 2350 itii
1363 2279 1564 2374 indigentes
1582 2303 1760 2368 essemus,

357 2433 433 2479 non
447 2422 500 2478 est.
516 2405 724 2477 mirandum
739 2406 767 2476 si
783 2405 1028 2501 peticionibus
1045 2405 1122 2500 ejus
1137 2405 1174 2474 in
1196 2403 1257 2474 tali
1273 2403 1428 2475 articulo
1448 2403 1690 2501 prebebamus
1704 2428 1761 2475 as·

357 2555 514 2602 sensum.
535 2515 665 2616 lmmb,
681 2531 709 2599 si
725 2525 841 2601 multb
856 2529 994 2624 majora
1010 2529 1184 2626 petiisset,
1202 2553 1347 2604 suenus
1362 2529 1580 2626 oportuisset
1597 2529 1761 2624 acquies-

358 2679 439 2725 cere
449 2653 638 2725 vcluntati.
655 2657 787 2743 Quare,
797 2653 881 2724 licet
895 2654 1041 2740 invitm,
1055 2677 1121 2723 nos
1131 2651 1295 2748 oportuit
1307 2651 1421 2722 lacere
1431 2651 1673 2722 donacionem
1684 2677 1765 2749 pre·

363 2779 509 2849 dictam.
523 2777 593 2848 Sed
603 2776 687 2848 eiun
703 2777 943 2848 intelleximus
957 2776 1058 2872 quod
1069 2778 1278 2848 Dominatio
1292 2781 1413 2848 Vestra
1429 2771 1548 2872 ipsum
1559 2778 1763 2875 principem

362 2903 563 2974 addictam
588 2901 831 2974 donacionem
851 2901 1042 2974 admittere
1071 2915 1267 2990 recusaret,
1291 2901 1410 2972 sciatis
1434 2925 1501 2972 nos
1523 2901 1640 2989 leticia
1664 2907 1765 2973 tanta

365 3026 518 3124 repletos
529 3001 639 3122 quam
654 3025 798 3097 si'aliam
815 3043 947 3098 terram
963 3026 1229 3122 equivalentem
1240 3051 1325 3097 cum
1340 3027 1398 3096 itta
1412 3051 1569 3098 essemus
1578 3027 1716 3124 adepti3
1728 3043 1765 3098 et

360 3152 517 3224 vidimus
537 3152 637 3248 qubd
653 3151 825 3222 domiuus
843 3151 961 3223 dictus
982 3167 1114 3222 terram
1133 3153 1246 3250 ipsam
1266 3150 1312 3222 ad
1329 3176 1422 3248 opus
1438 3133 1766 3249 precordiatissinie

361 3277 539 3348 consortis
554 3267 675 3346 nostre
688 3280 734 3346 tt.
748 3275 887 3371 (Maria)
898 3277 963 3347 Dei
981 3276 1092 3370 gratia
1113 3276 1351 3373 imperatricis
1366 3276 1634 3371 consanguinee
1648 3291 1766 3348 vestre

360 3399 477 3472 voluit
494 3401 679 3472 reservari.
704 3405 849 3495 Nosque
863 3397 1132 3482 considerantes
1146 3398 1247 3496 qubd
1262 3415 1356 3470 terra
1370 3397 1416 3470 de
1434 3403 1596 3488 RetracO,
1619 3399 1766 3472 Collun·

361 3526 428 3620 giis
449 3549 559 3624 super
578 3528 733 3612 Yonam,
754 3521 978 3596 Malli-castri
997 3538 1032 3594 et
1052 3521 1249 3598 Malli-villa
1265 3547 1376 3620 quam
1394 3525 1444 3594 eis
1460 3525 1768 3618 assignaveramus

363 3652 399 3720 iu
416 3625 668 3720 dotemdubia
679 3663 765 3730 erat,
782 3662 818 3718 et
833 3649 870 3718 in
886 3645 1057 3740 ambiguo
1068 3672 1225 3718 essemus
1239 3650 1268 3718 si
1286 3671 1365 3723 eam
1377 3650 1577 3746 poterimus
1588 3646 1767 3738 obtinere,

364 3771 569 3844 nullatenus
591 3769 909 3842 nolentesdictam
928 3773 1196 3868 imperatricem
1211 3797 1319 3870 supes
1338 3797 1404 3844 suo
1428 3773 1598 3845 dotalicio
1621 3774 1767 3848 defrau-

364 3897 459 3986 dari,
474 3898 593 3968 statim
608 3899 641 3968 ei
658 3897 826 3969 dedimus
839 3913 874 3968 et
891 3901 1134 3972 concessimus
1152 3916 1285 3972 terram
1299 3900 1346 3971 de
1358 3901 1566 3992 Curtiniaco
1581 3901 1767 3998 supradic-

364 4037 456 4110 tam,
476 4019 548 4092 hoc
573 4021 683 4094 modo
710 4021 829 4118 quiid,
855 4023 929 4094 sive
955 4021 1090 4095 dictam
1113 4039 1246 4095 terram
1269 4024 1315 4096 de
1331 4029 1503 4128 Betrac0,
1520 4025 1716 4120 Collungiis
1731 4041 1768 4098 et

363 4142 459 4214 Malli
470 4142 750 4232 obtinuerimus,
766 4145 841 4216 sive
861 4169 950 4237 non,
960 4145 1199 4218 nihilominus
1210 4146 1306 4221 hanc
1320 4147 1456 4220 dictam
1467 4163 1601 4221 terram
1615 4147 1661 4220 de
1674 4153 1768 4222 Cur-

365 4269 500 4342 tiniaco
514 4295 582 4367 pro
597 4270 682 4342 dote
700 4268 847 4372 lrabeat,
858 4269 931 4344 hoc
942 4271 1053 4344 modo
1063 4272 1181 4368 qubd,
1194 4272 1371 4370 quicquid
1385 4274 1430 4346 de
1445 4272 1551 4347 nobis
1565 4276 1767 4370 contingat,

365 4394 541 4490 quamdiu
563 4397 689 4466 vixerit
705 4412 824 4468 teneat
851 4397 985 4470 dictam
1002 4414 1154 4488 terram,
1171 4414 1207 4470 et
1219 4400 1248 4470 si
1268 4399 1315 4470 de
1335 4400 1442 4472 nobis
1455 4401 1628 4473 heredem
1650 4425 1770 4473 susce·

365 4519 476 4614 perit,
493 4517 597 4590 heres
607 4519 682 4615 ipse
697 4543 776 4592 eam
791 4521 828 4590 in
842 4523 1150 4618 perpetuumjure
1166 4521 1386 4596 hereditario
1403 4538 1522 4596 teneat
1537 4526 1632 4596 sicut
1645 4522 1767 4596 debet.

364 4643 460 4727 Quia
478 4643 588 4736 igitur
606 4643 755 4738 quidem
775 4644 904 4716 dicunt
918 4645 1019 4742 qubd
1041 4645 1171 4722 meritb
1191 4671 1259 4717 nos
1279 4669 1472 4744 possumus
1492 4649 1524 4719 ei
1542 4649 1666 4720 dotem
1683 4649 1769 4719 assi·

365 4787 476 4862 gnare
498 4789 540 4836 ex
565 4791 639 4864 quo
664 4767 842 4838 internos
870 4781 906 4840 et
929 4769 1044 4868 ipsam
1074 4785 1126 4842 est
1152 4767 1426 4844 matrimonium
1452 4787 1770 4862 consummatum,

365 4886 622 4964 Excellentiam
645 4896 809 4963 Vestram
832 4890 1126 4964 affectuosissime
1152 4892 1392 4990 deprecamur
1418 4894 1612 4992 quatenus,
1642 4893 1771 4966 habito

367 5013 591 5110 prudentum
608 5015 774 5105 consili0,
789 5017 958 5090 ordinare
974 5018 1175 5114 dignemini
1193 5033 1227 5090 et
1240 5034 1396 5092 statuere
1411 5019 1599 5117 quomodo
1613 5019 1770 5091 donacio

246 5133 254 5144 '
369 5137 432 5210 ista
447 5164 556 5236 quam
577 5141 608 5210 ei
627 5139 777 5212 iacimus
800 5157 873 5214 rata
888 5159 922 5214 et
946 5143 1081 5215 stabilis
1105 5143 1298 5234 lrabeatur3
1319 5143 1366 5218 iu
1390 5161 1510 5218 tamen
1528 5129 1628 5242 subd
1647 5147 1676 5218 si
1694 5145 1770 5241 ipsa
