3872 6044
489 641 567 702 Pau
589 639 799 702 Guoiunoi
820 639 874 700 DE
895 639 1225 702 villu-flaumiro.
1490 640 1545 698 155

193 779 265 838 burs
277 783 410 837 aemonat
421 772 443 836 l'r
455 791 626 850 empereres
639 789 796 850 quenques
808 774 830 832 il
843 778 895 848 pol
907 773 991 834 nsoir
1004 772 1043 833 de
1056 777 1137 849 gont,
1151 777 1181 832 et
1202 769 1252 831 issi
1274 773 1312 832 de
1333 771 1545 833 Constantino-

152 885 221 960 ble,
234 887 264 945 ei
277 885 451 945 ebessucbn
464 899 519 959 par
530 897 576 942 sos
587 881 729 956 journbee
740 877 819 944 llere
829 881 1023 954 Andrenople
1033 896 1051 939 n
1062 883 1158 940 toules
1180 893 1227 938 ses
1238 874 1374 941 bstniiles
1387 879 1543 942 ordenees.

151 987 296 1068 tubanis,
314 992 345 1052 lsi
362 989 418 1052 lert
431 1007 469 1052 en
483 993 510 1052 ln
526 995 621 1066 terre,
637 995 730 1066 quent
742 990 764 1048 il
778 994 822 1049 oit
832 989 898 1048 dire
914 985 967 1047 ls'll
990 989 1111 1062 renuit,
1127 984 1152 1046 si
1164 1004 1196 1048 se
1213 985 1297 1046 truist
1313 984 1409 1046 eriere
1426 1001 1493 1047 vers
1518 987 1546 1046 ln

152 1095 215 1160 sole
235 1103 324 1159 terre.
339 1098 377 1158 El
396 1099 417 1157 li
441 1113 611 1173 empereres
625 1096 798 1157 eberaucbo
814 1099 878 1155 tunt
891 1110 947 1170 pur
961 1109 1008 1152 ses
1026 1093 1167 1168 Journdes
1184 1094 1236 1153 ls’il
1249 1088 1342 1154 ninid
1356 1093 1548 1169 Andrenople

151 1211 181 1268 cl
192 1223 225 1267 ae
238 1208 305 1282 logo
319 1207 419 1268 delore
428 1223 466 1266 en
481 1205 509 1265 lo
521 1201 660 1280 pruierie.
676 1204 713 1263 Et
723 1205 785 1264 locs
798 1197 916 1264 vincent
927 1202 950 1261 li
961 1201 1055 1262 Grieu
1070 1202 1130 1262 dou
1141 1209 1206 1276 pais
1220 1196 1250 1260 li
1264 1197 1285 1260 li
1298 1199 1396 1261 disent
1409 1197 1447 1261 lo
1456 1196 1476 1259 li
1488 1200 1548 1260 ruis

153 1397 214 1454 tico,
224 1396 268 1458 qui
284 1396 307 1444 ei
321 1392 440 1458 primitus
453 1396 612 1456 iuraverant.
621 1393 677 1454 ejus
690 1389 832 1452 nequitiam
874 1388 933 1440 tella
945 1389 1111 1450 clvitrtesoue
1123 1387 1253 1438 destruere
1262 1387 1471 1450 circumquaque.
1480 1392 1548 1448 pele-

152 1490 180 1536 et
201 1484 382 1535 infidelitatem
410 1483 616 1538 considerantes,
639 1481 749 1530 nuncios
773 1494 833 1530 suos
872 1475 936 1526 brnt
950 1478 1075 1526 instanter
1095 1481 1172 1538 caput
1188 1477 1282 1526 babere
1298 1481 1324 1526 et
1335 1481 1458 1528 rectorem
1473 1498 1480 1526 :
1493 1477 1548 1538 qul,

153 1572 185 1622 ad
209 1584 256 1622 nos
279 1570 357 1634 quim
379 1569 454 1621 citius
475 1569 686 1628 destinaverunt,
706 1568 781 1617 nobis
801 1581 832 1616 er
871 1569 903 1618 de
918 1569 1025 1618 consilio
1044 1568 1144 1621 domiui
1164 1568 1311 1625 Benedicti,
1326 1568 1548 1618 venerabillscar·

99 1665 103 1675 ’
153 1665 225 1722 parte
235 1660 280 1710 sul
296 1658 830 1723 prcem‚sublecllonemetpersereranlern
871 1657 979 1714 dlnalls‚
992 1657 1132 1720 apostolice
1146 1655 1214 1706 sedis
1224 1657 1310 1717 legati,
1323 1657 1355 1705 acl
1376 1657 1549 1719 patriarcham

153 1748 319 1800 concordiam
330 1749 475 1802 offerentes,
486 1743 652 1808 nosverdqui
660 1757 704 1794 eos
714 1744 747 1793 ud
757 1756 832 1794 amo*
871 1743 989 1808 (Thomas
999 1745 1131 1808 lloroslni)
1140 1746 1300 1803 accedentes,
1310 1747 1506 1808 postulaverunt
1516 1747 1549 1796 ab

154 1853 208 1892 rem
227 1844 342 1890 nocuum
359 1838 540 1901 reciperemus.
552 1835 631 1887 lmmd
645 1837 673 1886 ln
689 1835 759 1886 brevi
773 1847 831 1886 sno·
870 1849 901 1887 eo
910 1835 1019 1886 utnobis
1029 1835 1102 1886 daret
1112 1833 1452 1898 coronampreserlimct'am
1463 1835 1550 1886 nullus

152 1942 314 1988 cerneremus,
331 1942 419 1980 casum
442 1933 509 1978 terre
538 1927 718 1978 imminentem
741 1925 830 1987 procul
870 1931 936 1976 esset
954 1926 982 1974 ln
1000 1926 1109 1988 imperio
1122 1925 1281 1976 romsnocul
1294 1924 1392 1986 dejure
1408 1924 1550 1988 dariopor·

154 1995 233 2068 dublo
251 2019 448 2080 praenitentes.
465 2015 587 2079 quiequid
608 2016 634 2064 ln
651 2027 699 2064 nos
715 2011 831 2076 delique-
871 2019 950 2071 teret.
965 2015 1013 2064 nisl
1039 2015 1123 2064 nobis.
1148 2015 1295 2066 Petriarcbn
1322 2012 1382 2064 vero
1417 2012 1469 2064 und
1491 2026 1550 2064 cum

154 2112 213 2157 rent
230 2109 267 2157 eis
284 2106 394 2169 benigne
416 2107 570 2156 remisimus.
583 2105 621 2154 nd
642 2105 698 2160 bec,
722 2103 830 2154 consilio
869 2105 966 2167 populo
979 2107 1154 2160 Venetorum,
1173 2104 1233 2154 licet
1255 2103 1281 2152 ln
1305 2103 1435 2166 principio
1457 2109 1549 2154 contra

153 2207 212 2246 cunr
223 2195 378 2247 consiliariis
388 2200 415 2245 et
425 2195 565 2246 baronibus
579 2195 654 2252 inito,
669 2205 745 2254 super
761 2191 830 2241 erun
870 2206 917 2243 nos
927 2193 1077 2256 disputaret,
1091 2199 1176 2244 temen
1188 2194 1221 2244 ad
1237 2194 1428 2255 persuasionem
1446 2193 1547 2244 domini

153 2285 502 2342 nostrodellberrrimus,et
522 2286 555 2335 de
574 2283 705 2334 communi
722 2281 830 2332 consilio
869 2284 1024 2334 venernbllis
1037 2285 1189 2342 cardinalis,
1210 2286 1349 2348 apostolice
1373 2285 1440 2336 sedis
1457 2287 1548 2348 legati.

154 2382 241 2426 nosue
258 2376 354 2437 regiam
368 2375 497 2424 civltstem
518 2378 649 2425 exeuntes.
663 2372 773 2422 minimo
791 2376 831 2422 ta·
870 2373 944 2434 cuius
955 2373 1280 2435 patmcinismetlavorem
1291 2386 1392 2436 semper
1404 2374 1550 2426 invenimus

154 2476 214 2512 men
225 2463 348 2513 comitatu
357 2463 463 2518 sullirlti,
472 2462 645 2524 proditionem
656 2461 828 2521 semperGre·
869 2460 950 2522 gralli
968 2460 1013 2510 sul
1033 2460 1107 2510 nobis
1120 2465 1146 2510 ct
1164 2461 1211 2512 toll
1225 2461 1334 2523 imperio
1349 2474 1401 2512 non
1418 2461 1548 2515 medicum

154 2564 243 2600 corum
254 2550 412 2607 dubitantes.
426 2549 561 2599 inimicum
570 2547 830 2598 nostruminnumerd
870 2559 923 2597 esse
935 2553 1066 2610 puratum,
1081 2553 1107 2598 el
1123 2546 1155 2598 ad
1177 2555 1291 2599 nostram
1310 2554 1335 2598 el
1348 2550 1473 2600 baronum
1489 2561 1550 2600 nos·

153 2637 321 2689 multitudine
332 2639 448 2701 gentium
459 2638 599 2694 munitum,
610 2636 698 2688 sersus
712 2636 829 2686 bidimo·
871 2640 969 2686 trorum
988 2636 1148 2689 lnstnntlnm.
1164 2635 1294 2686 dominica
1318 2640 1374 2698 post
1392 2638 1549 2700 Assumptlo·

153 2730 235 2779 ticum
251 2741 328 2792 quem
337 2729 392 2790 ianr
403 2726 456 2778 iere
470 2732 666 2790 expugnaverat,
680 2727 831 2778 festinanter
870 2735 930 2774 nem
948 2721 1023 2774 beate
1034 2725 1113 2774 tiaris
1124 2723 1133 2786 l
1146 2727 1177 2775 20
1186 2725 1249 2774 aodl
1264 2725 1348 2785 1206).
1371 2737 1419 2775 nos
1431 2725 1457 2775 in
1471 2726 1552 2787 irnpe-

157 2817 254 2866 luimus
267 2817 386 2866 insecuti.
399 2817 459 2880 Qui,
472 2816 612 2867 adrentum
633 2821 751 2866 nostrum
770 2827 828 2877 pre·
870 2817 982 2862 ratonem
999 2811 1108 2874 benigni
1121 2820 1147 2864 el
1160 2815 1292 2864 corunelli
1309 2819 1336 2864 el
1349 2811 1550 2872 inussitsase.

152 2906 274 2964 sentiens,
288 2911 400 2956 castrum
408 2905 478 2967 quod
488 2905 623 2956 obsederet
638 2905 829 2966 derelinquens,
870 2901 912 2952 dle
926 2903 1000 2954 terlll
1013 2908 1071 2966 post
1080 2905 1275 2956 coronationem
1286 2908 1410 2962 nostram,
1428 2907 1552 2962 serenitas

154 2995 180 3044 in
194 2993 282 3056 lumin
292 3007 351 3044 cum
363 2994 483 3044 universo
499 2995 612 3044 exercitu
625 3007 672 3044 suo
683 3006 710 3044 se
723 3006 829 3044 conser-
870 2993 1017 3043 audivimus
1026 2993 1213 3046 tonrnnicium
1225 2997 1320 3046 terram
1331 2999 1446 3046 nostram
1459 2995 1551 3048 iteratd

154 3085 194 3134 tlt.
207 3086 257 3134 llos
268 3085 337 3142 verb,
349 3083 439 3134 dlrlno
461 3082 519 3134 inlll
537 3082 660 3139 subsidio.
682 3083 830 3132 andriano·
871 3082 987 3141 intrasse.
1004 3088 1028 3132 ei
1047 3097 1106 3134 curn
1123 3085 1260 3134 innumeri
1278 3087 1366 3148 popull
1385 3086 1551 3136 mullitudine

155 3171 234 3234 polim
243 3177 270 3222 et
280 3173 418 3222 maximam
428 3177 527 3233 partem
535 3171 652 3232 bulgaris
659 3175 830 3226 transeuntes,
870 3171 1085 3234 Andrinnopolim
1094 3171 1232 3223 obsedisse.
1243 3175 1288 3224 llis
1299 3175 1404 3232 audilis,
1413 3187 1472 3224 cunr
1483 3187 1551 3226 crer-

155 3261 289 3324 usquead
311 3265 425 3310 castrum
446 3261 474 3310 ln
497 3272 549 3323 quo
570 3259 704 3310 lteinlerus
727 3259 759 3308 de
778 3259 833 3308 Trlt
870 3261 923 3312 citu
946 3264 1050 3320 nosue,
1065 3261 1167 3314 modico
1185 3267 1285 3322 umen,
1307 3265 1403 3326 realem
1426 3267 1551 3318 exivimus

153 3353 228 3414 qussi
242 3352 414 3402 incarceretus
426 3349 584 3408 morabrtur,
597 3350 624 3401 in
640 3361 720 3400 manu
732 3347 831 3412 potenti
870 3353 1015 3413 pipinum
1030 3358 1057 3404 ea
1072 3353 1133 3404 cnm
1150 3355 1266 3417 predicis
1286 3357 1387 3408 civium
1405 3358 1549 3421 appropin-

154 3439 261 3490 rirlllter
283 3439 380 3491 luimus
402 3439 520 3496 insecuti,
533 3442 560 3488 et
581 3437 692 3494 ibidem.
716 3435 768 3487 tim
787 3449 832 3500 pes
870 3445 1246 3505 onam-us,prenomlnatns
1267 3445 1338 3496 curis
1359 3449 1386 3496 sa
1401 3449 1490 3496 sannas
1510 3459 1551 3496 10.

155 3530 318 3580 nominatum
331 3529 479 3580 lleinerium
490 3526 567 3592 quim
577 3540 622 3590 per
634 3533 715 3580 certos
724 3529 832 3600 nuncios
871 3545 947 3582 mune
959 3532 1066 3582 ecclesie
1075 3532 1196 3584 inimicus
1207 3533 1303 3584 dictnm
1312 3534 1443 3584 civitatem
1451 3533 1552 3596 lupum

154 3622 180 3668 et
195 3617 290 3668 lamam
304 3618 451 3680 publicem.
466 3617 535 3679 quod
549 3613 661 3666 nelande
674 3622 701 3666 et
714 3617 832 3680 nequiter
870 3619 1036 3684 quamcitius
1048 3620 1197 3684 dereliquit.
1213 3623 1264 3672 ilos
1275 3621 1352 3680 sord,
1373 3623 1400 3672 ln
1419 3624 1549 3685 composi-

154 3707 291 3758 domlnum
302 3712 329 3758 et
347 3706 452 3758 lralrem
469 3711 585 3758 nostrum
601 3707 794 3770 imperatorem.
806 3711 833 3758 et
871 3707 1317 3772 tlonepreaentlnmsdbueeumper
1327 3710 1472 3774 bulgariam
1482 3711 1551 3762 lnse·

155 3799 288 3850 universos
298 3809 362 3860 quos
371 3798 402 3847 de
413 3797 627 3860 nostelsoaptlvos
639 3797 743 3848 tenebat
752 3797 830 3860 (qnod
870 3799 1028 3860 quebsmun
1050 3799 1083 3850 de
1110 3801 1165 3861 ejus
1188 3798 1331 3861 delectione
1353 3805 1380 3850 et
1398 3802 1551 3852 exaltatione

154 3888 209 3938 sine
223 3887 307 3938 cordis
321 3887 494 3956 amaritudine
508 3886 593 3938 dicere
615 3900 668 3938 non
684 3887 830 3950 posumus)
871 3890 973 3952 samua,
986 3889 1074 3940 diuini
1094 3889 1225 3942 mediante
1253 3891 1335 3952 grstia
1358 3894 1385 3942 al
1408 3893 1550 3944 amicorum

153 3977 326 4028 lobannicius
342 3977 423 4026 crucia
437 3976 559 4028 inimicus
573 3975 745 4035 interiecerat,
757 3990 831 4028 vera·
871 3982 1014 4030 nostrorum
1034 3979 1158 4038 subsidio,
1169 3979 1339 4032 confidentes.
1352 3984 1417 4044 Ergo
1429 3985 1457 4032 ut
1468 3981 1551 4046 ipsum

154 4069 218 4118 citer
234 4067 380 4118 didicimus.
396 4065 510 4126 Deinde,
521 4067 590 4118 dicto
602 4068 722 4118 lleinorio
734 4072 832 4118 ctsano
871 4067 1008 4130 imperium
1026 4081 1161 4132 possemus
1182 4068 1216 4120 ad
1231 4069 1357 4120 bonorem
1377 4075 1404 4120 el
1426 4069 1552 4122 obedien·

154 4156 633 4218 etincolumirirlllterrecuperato.de
645 4156 832 4208 communim-
871 4155 933 4206 tism
950 4161 1038 4208 sancte
1052 4169 1158 4210 romane
1176 4157 1281 4210 ecclesie
1299 4162 1326 4206 et
1345 4157 1454 4210 salutem
1474 4159 1552 4208 totius

155 4259 249 4296 sonum
268 4250 415 4296 nostrorum
432 4245 550 4302 consilio,
565 4245 832 4308 apudconstantino-
872 4245 1063 4297 christianitatis
1080 4258 1175 4310 regere.
1188 4247 1352 4298 Fraternitati
1368 4250 1455 4298 vestre
1474 4259 1551 4298 masr-

154 4336 243 4400 pollm,
256 4335 412 4398 quibusdem
426 4336 458 4386 de
471 4337 574 4394 nostris.
590 4338 676 4400 paucis
690 4342 785 4396 umen.
804 4339 830 4388 ln
871 4336 973 4392 damus,
989 4350 1123 4388 monemus
1139 4339 1165 4386 et
1178 4337 1244 4389 sicul
1259 4349 1394 4400 possumus
1407 4349 1550 4392 exoramus.

155 4423 561 4486 Andrlsnopollterrendincenlls
569 4424 603 4474 ob
611 4427 783 4476 munitionem
793 4439 832 4476 re-
871 4424 999 4489 qualemn
1009 4439 1060 4476 non
1073 4425 1157 4477 sollim
1173 4427 1201 4476 in
1223 4431 1356 4484 nostrum,
1370 4426 1416 4476 sed
1437 4429 1464 4476 el
1485 4429 1551 4476 terre

156 4515 230 4568 lictis,
242 4526 301 4565 cum
320 4515 429 4564 marimo
452 4514 590 4576 triumpho,
605 4527 651 4578 per
663 4516 710 4566 uei
724 4517 831 4578 gratlsrn
871 4519 959 4562 sancte
970 4520 996 4564 et
1007 4515 1200 4565 christianitalls
1220 4526 1379 4574 succursum,
1394 4526 1442 4563 nec
1457 4526 1510 4564 non
1525 4517 1552 4564 et

154 4603 359 4654 sumusreversl.
872 4599 905 4649 nd
925 4601 1102 4652 ulciscendum
1122 4602 1275 4664 sanguinem
1297 4599 1398 4650 domini
1419 4604 1445 4650 et
1464 4599 1552 4652 iratris

186 4707 198 4732 ι
212 4689 306 4740 ilerum
316 4729 322 4748 ,
334 4689 393 4742 clim
410 4691 537 4754 principes
557 4695 583 4742 et
598 4691 707 4742 barones
723 4697 749 4742 ei
765 4699 833 4744 totus
872 4691 952 4740 nostri
973 4693 1093 4752 nequiter
1101 4693 1220 4748 euusnm,
1235 4695 1261 4740 et
1278 4691 1388 4740 oliorum
1400 4691 1445 4753 qui
1462 4691 1489 4740 lu
1502 4693 1550 4742 lloss

156 4781 267 4842 populus
279 4783 386 4831 francie
406 4782 432 4830 in
444 4782 734 4845 Constantinopolitano
746 4783 831 4845 impe·
872 4780 959 4834 manil
971 4780 1004 4832 ad
1017 4781 1199 4831 easltrtlonem
1216 4785 1303 4830 suncte
1324 4792 1430 4830 romane
1446 4779 1551 4830 ecclesie

155 4865 194 4916 rio
211 4873 400 4918 commorantes
418 4867 450 4917 de
473 4867 547 4916 obitu
569 4868 730 4930 imperatoris
748 4873 834 4919 essent
872 4869 1028 4930 militabant,
1042 4881 1153 4932 quorum
1165 4882 1272 4932 corpora
1284 4869 1372 4922 bestiis
1387 4875 1454 4920 terre
1465 4875 1490 4920 et
1506 4885 1551 4920 so-

154 4954 287 5004 cerlliicrtl
297 4992 303 5012 .
315 4955 444 5017 etiugiler
455 4955 831 5008 ridereturlobannlciuscum
860 4943 985 5008 'talilibus
997 4960 1044 5010 celi
1057 4961 1083 5010 in
1102 4972 1185 5010 esesrn
1198 4961 1281 5023 posita
1290 4961 1431 5018 sunl‚elod
1441 4961 1553 5012 dedecus

155 5044 320 5096 multitudine
342 5045 434 5107 magni
453 5045 587 5096 blacorum
610 5050 636 5096 el
656 5049 833 5098 commanno-
873 5053 988 5096 nostrum
1002 5047 1196 5110 uindicandum,
1215 5053 1241 5098 et
1255 5049 1369 5098 tunicam
1388 5049 1494 5102 Domini
1506 5051 1551 5102 lu-

156 5145 213 5184 rum
228 5135 373 5186 universnm
397 5135 538 5186 discurrere
557 5136 719 5194 immanium,
737 5143 831 5188 eleas·
872 5138 1023 5188 consutilem
1047 5139 1149 5190 scissum
1179 5139 1337 5195 uniendam,
1362 5141 1497 5192 consilinm
1523 5145 1548 5190 el
