3976 6044
331 605 521 690 uincun's
542 627 595 688 iiii
615 625 737 690 siin'i
760 625 877 688 iouis
898 629 1000 690 ivae
1023 629 1093 690 iiis
1113 617 1262 692 dunois
1282 631 1336 694 nii
1360 635 1447 694 iias.
1531 635 1585 694 isi

186 764 219 826 et
243 764 385 840 banchis,
420 758 625 839 promittimus
660 767 690 822 et
727 758 872 824 conteni·
913 760 1077 839 terminos,
1100 760 1371 826 videlicet21ibras
1394 769 1486 840 &500
1506 775 1590 830 turo-

188 861 257 905 mus
288 844 373 904 iubis
398 842 541 918 predictis
564 838 706 917 dominis,
728 844 873 917 magistro
913 859 1019 904 nenses
1034 840 1157 904 Parisiis
1179 846 1259 920 epud
1283 845 1465 923 Templum,
1494 865 1591 924 iisque

188 924 321 986 ilenrico
342 928 372 982 et
388 917 578 996 Guiilermo,
595 918 718 982 nomine
732 919 804 982 dicti
815 923 872 982 do-
912 923 950 982 ad
962 924 1135 1000 proximum
1149 922 1490 986 iestumPuiiilcecionis
1504 927 1591 988 bente

188 999 264 1064 mini
285 999 364 1078 regis
383 999 617 1076 stipulantibus,
641 997 820 1076 consignare
843 1007 873 1061 et
911 1001 1027 1077 Merie,
1063 1009 1093 1062 ct
1120 999 1294 1077 residuum,
1326 1006 1408 1082 quod
1432 1011 1475 1066 est
1500 1007 1591 1067 libres

188 1084 261 1142 dare
278 1078 390 1142 nuncio
406 1081 478 1141 dicti
499 1082 614 1140 domini
632 1077 722 1154 regis,
741 1076 873 1141 siluerit
911 1083 1004 1156 3,500
1025 1087 1217 1152 turonenses,
1238 1079 1349 1142 ibidem
1372 1081 1494 1144 Parisiis
1510 1088 1591 1162 opud

189 1159 221 1222 in
239 1167 328 1238 portu
343 1161 458 1235 Janue,
483 1177 579 1236 usqua
598 1161 634 1220 ad
659 1157 733 1220 illud
753 1168 873 1235 tempus
911 1160 1093 1238 Templum,
1116 1162 1154 1220 ab
1171 1158 1241 1222 inde
1260 1165 1404 1239 usquead
1419 1163 1591 1240 proximum

188 1248 220 1303 ot
244 1256 282 1302 eo
314 1247 450 1316 tempore
468 1255 529 1315 quo
547 1244 577 1300 ct
604 1241 642 1301 ad
669 1241 752 1316 quod
779 1236 872 1299 dictas
912 1243 1019 1300 iestum
1034 1241 1236 1300 Pentecostea.

189 1322 265 1381 duas
287 1336 379 1381 naves
398 1320 471 1380 dere
493 1326 524 1380 et
539 1321 718 1394 consignare
735 1315 874 1395 promisit
951 1323 1025 1380 licto
1050 1321 1126 1380 inter
1151 1316 1245 1380 dictas
1276 1326 1375 1397 paries
1407 1319 1435 1382 in
1459 1322 1591 1399 presenti

189 1397 305 1460 dictum
332 1399 468 1459 comune
491 1398 590 1460 Jaiiuc
615 1395 722 1475 vobis,
742 1395 872 1460 dominis
913 1405 1087 1470 contractu,
1104 1401 1186 1476 quod
1211 1396 1236 1458 si
1263 1399 1334 1460 dicti
1363 1402 1492 1462 Obertus
1512 1405 1592 1463 lian-

190 1474 335 1552 magistro
357 1480 489 1538 ilenrico
506 1486 535 1538 et
557 1475 736 1554 Guiilermo,
751 1480 873 1540 nomine
913 1481 1051 1555 ireneus,
1065 1480 1196 1539 lacobus
1212 1484 1242 1538 et
1259 1479 1443 1557 Nicbolaus,
1460 1485 1505 1542 iel
1519 1485 1593 1543 alter

190 1555 263 1619 dicti
278 1555 393 1618 domini
413 1559 512 1632 regis,
527 1555 590 1620 sive
603 1555 714 1618 nuncio
730 1556 800 1618 dicti
816 1560 873 1619 do·
912 1577 1041 1630 eorum,
1061 1575 1113 1618 seu
1134 1574 1238 1618 aarum
1265 1562 1413 1634 nuncius,
1437 1567 1591 1636 presente-

190 1635 264 1698 mini
278 1638 375 1712 regis,
401 1643 431 1698 et
453 1639 492 1698 de
514 1654 644 1713 quarum
664 1639 793 1698 duarum
819 1655 874 1698 na·
913 1637 989 1701 ierit
1016 1635 1097 1698 dicto
1130 1635 1255 1698 domino
1292 1637 1434 1713 magistro
1461 1639 1593 1702 Henrioo

190 1720 273 1780 vium
296 1713 518 1777 constructione
531 1723 561 1776 et
580 1714 743 1778 tradicione
767 1723 812 1777 est
825 1719 874 1777 in·
912 1721 1146 1779 instrumentum
1164 1715 1225 1778 sire
1240 1715 1368 1778 litterani
1383 1719 1527 1780 Comanis
1539 1722 1592 1780 Ja-

191 1803 393 1857 strumentum
410 1797 520 1856 iactum
548 1813 637 1856 manu
654 1794 802 1857 Ricoboni
817 1797 873 1856 Pii·
913 1815 992 1875 nue,
1020 1795 1049 1858 in
1072 1814 1133 1874 quo
1157 1799 1205 1857 iel
1219 1799 1279 1873 qul
1301 1793 1487 1858 contineatur
1510 1801 1592 1876 quod

191 1873 286 1937 cerini
296 1873 415 1948 notarii,
440 1877 601 1948 honorius,
618 1872 667 1935 die
686 1879 727 1938 26
751 1893 874 1950 noveni-
912 1877 1048 1938 (inmune
1062 1878 1160 1938 Januc
1174 1875 1399 1939 teneaturdicto
1411 1876 1593 1940 dominoro-

190 1957 264 2018 bris.
279 1952 421 2032 Alioquin
437 1971 547 2030 penam
568 1959 758 2017 marcharum
784 1959 875 2028 1,ouo
912 1955 942 2033 gi
957 1960 995 2018 de
1016 1958 1144 2032 litisque
1158 1957 1305 2032 promisse
1326 1959 1513 2034 suntdictis,
1537 1961 1593 2018 do-

191 2032 326 2111 ergenti‚
356 2037 381 2094 si
396 2038 499 2095 contre
515 2035 793 2110 fecerimus,iiobis
808 2037 874 2094 dic·
913 2040 996 2098 mino
1033 2037 1176 2110 magistro
1206 2035 1338 2114 Henrioo
1368 2041 1398 2096 et
1424 2038 1593 2100 Guiilernio

192 2113 229 2176 tis
241 2111 391 2187 dominis,
417 2115 561 2190 magistro
585 2115 716 2174 ilenrico
737 2121 768 2175 et
785 2113 874 2174 Guil-
913 2115 994 2177 dicto
1021 2117 1159 2190 nominc,
1190 2131 1245 2190 per
1272 2112 1422 2190 predictos
1447 2117 1591 2178 Obertum

191 2197 299 2270 lermo‚
318 2187 398 2254 dioto
417 2191 539 2254 nomine
557 2191 780 2270 stipulantibus,
801 2211 874 2271 pro-
913 2197 1134 2270 Lanirencum,
1158 2194 1317 2254 Nicolaum
1336 2196 1542 2272 stlembum,
1560 2204 1593 2258 ut

193 2271 361 2347 mittimus,
392 2279 422 2332 et
445 2270 573 2349 proinde
594 2270 679 2336 robis
704 2272 874 2349 obligemus
913 2278 1087 2336 dictumest
1114 2290 1209 2350 usque
1239 2275 1277 2333 ad
1300 2272 1363 2334 dies
1389 2277 1428 2334 25
1453 2279 1593 2351 proximd

192 2351 312 2430 pignori
330 2349 431 2414 omnia
450 2354 530 2414 bonu
546 2359 644 2414 nostre
661 2350 761 2414 habita
776 2359 806 2413 et
818 2356 874 2413 be·
914 2362 1073 2430 ventures,
1094 2355 1176 2429 qudd
1190 2354 1343 2429 predictus
1354 2351 1495 2414 dominus
1509 2357 1594 2417 Hen-

192 2434 301 2495 benda.
316 2435 353 2492 lit
373 2434 411 2492 de
436 2429 578 2508 predictis
596 2431 723 2509 quilibet
745 2430 873 2495 invicem
914 2433 995 2495 ricus
1006 2435 1078 2494 darc
1094 2437 1229 2494 teneatur
1245 2439 1274 2492 et
1291 2434 1399 2494 debeat
1414 2435 1456 2494 eis
1471 2432 1533 2496 sive
1546 2439 1593 2498 al·

193 2514 224 2574 in
244 2509 375 2573 solidum
402 2518 559 2587 teneatur,
585 2509 796 2573 renunciantes
811 2509 873 2586 juri
915 2512 968 2576 teri
981 2530 1105 2588 eorum,
1121 2513 1168 2572 iel
1186 2529 1291 2571 eorum
1306 2514 1416 2572 nuncio
1430 2516 1543 2576 litteras
1555 2517 1593 2575 dc

193 2594 231 2654 de
243 2589 401 2669 principali
423 2598 453 2652 et
471 2589 553 2652 omni
567 2589 692 2666 juri‚et
706 2588 875 2666 specialiter
913 2590 1118 2655 solucionibus
1151 2591 1387 2667 prenominatis,
1421 2600 1451 2653 et
1486 2591 1516 2654 iii
1542 2597 1593 2655 itta

193 2689 271 2733 noia
285 2667 494 2732 constitucioni
506 2674 544 2732 de
560 2671 678 2732 duabus
691 2667 760 2732 reis.
914 2676 1010 2735 iorma
1025 2672 1238 2748 quiscriptum
1252 2677 1296 2730 eat
1311 2667 1448 2746 superius
1460 2674 1593 2734 solucio-

234 2753 310 2812 ltem
334 2749 539 2827 promittimus
558 2757 588 2812 et
608 2753 806 2812 convenimus
820 2768 875 2811 io·
914 2771 966 2814 nes
993 2747 1147 2828 habendi,
1175 2757 1204 2810 et
1228 2746 1252 2808 si
1279 2747 1374 2810 dictas
1400 2748 1512 2812 litteras
1532 2771 1591 2814 non

193 2827 239 2892 bis
254 2833 335 2892 dicto
348 2828 470 2890 nomine
484 2828 697 2908 stipulantibus
715 2833 758 2891 sic
779 2833 875 2891 iacere
914 2829 1097 2910 portaverit,
1126 2836 1159 2890 ut
1190 2827 1303 2890 dictum
1332 2836 1395 2904 est,
1416 2833 1454 2891 ad
1478 2832 1592 2893 dictum

193 2917 224 2972 et
237 2928 354 2985 curare,
367 2912 447 2986 quod
458 2911 594 2971 Comune
609 2911 708 2971 lanue
727 2927 758 2971 se
773 2915 803 2972 et
821 2927 874 2970 sua
914 2909 1095 2984 terminum,
1117 2912 1224 2972 volunt
1249 2907 1328 2970 dicte
1352 2916 1452 2997 partes
1479 2910 1591 2972 dictum

194 2987 339 3065 obligabit
353 2996 382 3050 at
400 2988 566 3066 principale
581 3007 613 3052 se
626 2989 788 3050 constituet
806 3007 875 3052 ier·
913 2995 1147 3054 instrumentum
1169 3006 1287 3050 cassum
1306 2995 1334 3049 et
1352 2991 1469 3050 irritum
1482 2997 1512 3052 et
1523 2994 1593 3052 nul-

195 3085 245 3130 sus
270 3066 426 3129 dominum
460 3087 562 3146 regem
592 3067 783 3146 predictum,
814 3067 876 3130 siie
915 3069 1107 3134 liusieloris.

194 3163 298 3212 tersus
311 3165 365 3210 ros
389 3145 470 3209 dicto
490 3151 611 3210 nomine
632 3166 687 3224 pro
705 3146 792 3210 nobis
808 3167 876 3209 om·
953 3155 1027 3214 iloto
1039 3145 1174 3210 similiter
1192 3151 1272 3209 inter
1285 3149 1380 3210 dictas
1396 3155 1496 3226 partes
1508 3149 1594 3213 dictis

197 3225 287 3289 nibus
301 3272 309 3302 ,
330 3236 390 3289 tam
412 3230 449 3289 de
462 3225 683 3290 constructione
697 3230 776 3289 dicte
792 3230 875 3289 nevis
915 3231 1106 3302 nominibus,
1120 3229 1201 3304 qudd
1215 3225 1342 3304 predicti
1356 3227 1491 3305 domini,
1509 3233 1593 3292 ilen-

195 3325 286 3386 quam
300 3305 391 3368 etiam
403 3310 440 3369 de
456 3305 601 3384 predictis
616 3305 758 3368 omnibus
772 3315 801 3368 et
813 3305 876 3367 sin·
914 3315 993 3373 ricus
1006 3316 1036 3371 et
1052 3306 1257 3382 Guiilermus,
1283 3305 1345 3368 sive
1371 3306 1499 3369 nuncius
1521 3311 1594 3370 dicti

196 3386 291 3463 gulis,
315 3403 369 3464 per
392 3405 445 3448 nos
464 3385 550 3450 iiobis
566 3385 647 3448 dicto
668 3384 789 3448 nomine
803 3404 876 3463 pro·
915 3388 1029 3452 domini
1044 3386 1132 3464 regis,
1145 3387 1274 3473 debeant
1285 3388 1380 3463 ipsein
1388 3405 1495 3448 navem
1504 3405 1595 3465 erpe-

195 3464 447 3541 missis,iiidelicet
459 3471 650 3529 marcharum
666 3471 757 3541 1,000
766 3484 876 3542 argen-
913 3472 979 3532 dire
1006 3473 1023 3530 e
1047 3466 1271 3531 vicecomitibus
1292 3467 1391 3526 Janue
1415 3472 1446 3527 ct
1463 3467 1593 3529 denariis

197 3549 238 3621 ti,
254 3553 283 3608 et
298 3543 529 3607 instrumentum
545 3549 673 3608 dedicta
688 3543 876 3634 obligecionc
915 3550 1087 3611 imarcatis
1100 3543 1153 3624 qui
1166 3543 1349 3620 colliguntur
1359 3563 1413 3622 per
1426 3545 1592 3623 capitulum

197 3623 259 3688 siie
279 3623 472 3701 fideiussione
488 3623 651 3703 comunis,
668 3624 730 3688 sive
746 3627 875 3686 litteram
912 3630 1088 3690 itComuni.
1212 3700 1219 3712 ο

194 3701 338 3766 comunis
358 3706 457 3767 lanus
485 3704 643 3782 sigillatam
669 3703 767 3781 sigillo
797 3701 876 3766 dicte
954 3711 1061 3770 Actum
1087 3707 1186 3768 Jauuc
1211 3722 1241 3764 in
1265 3701 1530 3770 domoGuillermi
1557 3711 1595 3772 de

197 3783 340 3846 Comanis
352 3784 579 3862 apportabimus
596 3803 648 3848 seu
662 3782 815 3862 apporteri
830 3786 875 3844 iaz
913 3785 1018 3865 Tomi,
1037 3789 1133 3862 1268,
1154 3781 1315 3845 indictione
1339 3790 1396 3862 10,
1413 3785 1462 3846 die
1476 3791 1515 3850 28
1538 3805 1594 3849 no-

195 3861 309 3926 ciemus
322 3881 394 3940 nos,
408 3867 454 3927 rai
465 3867 539 3927 alter
550 3870 685 3927 nostrum
696 3910 705 3939 ,
718 3862 781 3926 sive
795 3881 875 3924 nun·
914 3867 1058 3945 cambris,
1070 3865 1146 3928 inter
1157 3865 1273 3926 tertiam
1287 3870 1316 3924 et
1331 3881 1452 3926 nonani.

196 3941 261 4004 cius
278 3949 391 4016 noster,
407 3941 490 4006 robis
505 3943 593 4006 dictis
608 3941 875 4031 dominis‚mogis7
954 3951 1059 4010 Testes
1075 3969 1081 4008 ς
1097 3947 1255 4008 Portemus
1269 3946 1308 4005 de
1320 3941 1500 4026 Giimatdigt,
1515 3949 1594 4010 gip.

198 4031 245 4084 tro
278 4020 409 4084 ilenrico
437 4031 467 4084 et
501 4022 688 4100 Guiilermo,
711 4027 759 4084 iiel
788 4025 874 4084 elteri
914 4020 1596 4103 lienzonusComes‚ciiiisNeuli‚etLanirnn.

198 4107 350 4175 restrum,
369 4101 432 4165 site
453 4105 534 4165 dicto
551 4101 675 4165 domino
689 4101 772 4192 regi,
791 4108 821 4164 et
844 4120 876 4163 se
914 4109 1021 4172 chinus
1035 4110 1073 4169 de
1085 4102 1192 4168 Grilio.

197 4179 364 4260 principale
391 4186 551 4245 constituet
582 4187 620 4245 de
647 4185 789 4245 omnibus
817 4179 875 4243 biis
955 4185 1159 4252 Leoninusde
1175 4185 1279 4259 Sesto,
1299 4180 1451 4262 notarius,
1474 4202 1595 4268 rogatus

135 4278 136 4282 ¹
197 4279 257 4340 que
267 4260 351 4326 vobis
365 4262 506 4340 predictis
521 4261 652 4324 dominis
666 4280 787 4340 pernes
801 4279 875 4339 pro-
915 4267 1032 4348 scripsi.

199 4340 288 4403 missa
305 4351 379 4432 sunt
391 4349 539 4420 quonium
557 4360 610 4419 pei·
633 4345 876 4419 marcbus1,000
1194 4389 1286 4404 ...-

197 4429 324 4497 urgenti.

238 4501 332 4563 ee

198 4599 252 4640 cus
270 4587 300 4643 et
317 4577 875 4666 Guiilermus,nominediotidomiiii
951 4603 1177 4662 „auziiamni
1209 4602 1292 4657 apog,
1314 4601 1447 4665 numm,
1481 4596 1596 4651 nomino

199 4657 278 4736 regis
291 4657 496 4738 promittimus
515 4669 546 4724 et
563 4659 758 4724 convenimus
769 4705 778 4736 ,
791 4661 876 4723 vobis
951 4676 1019 4730 dicti·
1029 4675 1119 4744 remp,
1132 4687 1235 4728 „avem
1249 4685 1401 4738 „mmm
1414 4675 1483 4724 3750
1499 4667 1531 4720 g,
1550 4672 1596 4720 ip.

199 4736 285 4799 dictis
302 4741 435 4816 Oberto,
461 4744 649 4817 Laniianco,
669 4741 819 4803 Nicboluo
848 4745 877 4799 et
951 4745 1131 4802 recensitus.

198 4819 351 4884 lacobino.
364 4821 476 4896 Besso,
502 4823 662 4896 iratribus,
678 4823 750 4882 dere
764 4824 794 4879 et
816 4819 877 4879 sol·

201 4914 269 4959 vero
291 4905 321 4960 et
342 4903 384 4960 sic
407 4902 505 4962 iacere
523 4903 605 4977 quod
620 4897 717 4960 dictus
736 4900 876 4960 dominus
1231 4965 1237 4977 .
1554 4967 1559 4978 Ι

202 4995 251 5038 rei
264 4975 330 5039 dari
346 4981 434 5041 ieciet
452 4986 482 5042 et
495 4983 571 5042 solii
587 4981 682 5055 iobis,
698 4981 760 5042 siie
779 4985 878 5040 restio
956 4973 1020 5035 Nos
1037 4973 1144 5034 Petrus
1166 4973 1273 5046 Aurio,
1291 4968 1421 5030 lacobus
1442 4969 1597 5028 bercarius

198 5065 279 5119 certo
305 5062 415 5120 nuncio
428 5061 508 5122 dicte
530 5063 614 5124 navis
637 5067 667 5122 et
689 5055 879 5134 ceterispre-
917 5059 947 5116 et
964 5053 1094 5115 Obertus
1119 5051 1247 5125 Cicada,
1268 5051 1348 5112 cites
1375 5049 1491 5137 tenue,
1515 5049 1597 5134 loeo-

200 5137 297 5214 dictis,
316 5140 408 5200 libres
434 5144 526 5216 7,0uo
546 5147 721 5202 turonenses
745 5155 799 5216 per
823 5140 877 5198 lios
917 5152 985 5196 mus
1024 5135 1086 5196 siis
1118 5132 1303 5194 neulizamus
1333 5131 1439 5207 iobis,
1468 5127 1598 5190 dominis

957 4861 992 4920 ln
1006 4853 1129 4919 nomine
1139 4857 1275 4932 Domini,
1290 4871 1390 4916 anien.
