3928 6044
690 619 825 704 nunni:
849 641 902 708 uu
926 639 1070 704 nexos.
1532 647 1587 706 aar

187 772 314 844 Unenti
329 771 467 868 aliquot
483 787 567 844 ante
586 794 702 844 annus
719 795 830 866 regno
853 771 967 871 pulsi,
988 787 1024 843 et
1041 770 1177 846 loedere
1196 770 1333 843 idcircb
1355 787 1464 869 atque
1480 773 1592 844 socie-

136 873 145 894 Ρ
187 913 352 972 tetecum
366 896 506 994 aliquot
515 896 848 994 aliisimperialibus
857 897 1238 992 Masumetanojuncti,
1248 897 1285 967 in
1293 911 1503 995 potestatem
1515 923 1594 994 per·

187 1018 1592 1119 lacileredegere.CumautemadcastraAppollonicaerCilioiafuissetallatum

186 1145 315 1244 Soplri,
338 1151 525 1216 Persarum
541 1168 661 1239 regem
681 1143 779 1239 (sive
793 1143 830 1216 id
848 1144 1015 1216 simulate
1037 1159 1203 1240 ageretur
1221 1144 1518 1242 vulgareturque,
1532 1171 1592 1218 seu
1711 1152 1713 1156 ’

186 1270 236 1342 ita
252 1295 329 1342 esse
351 1267 433 1342 verti
446 1270 651 1365 constaret)
673 1268 749 1365 jam
765 1268 902 1342 bellum
917 1295 1061 1369 parare,
1082 1297 1125 1342 ac
1143 1269 1252 1368 paulo
1272 1285 1353 1369 post
1377 1272 1414 1342 in
1430 1275 1594 1369 Mesopo-

186 1395 336 1466 tamiam
352 1393 639 1482 descensurum,
668 1407 843 1491 tyrannus
864 1395 1081 1492 Byzantinus
1107 1394 1398 1468 animadvertens
1413 1398 1593 1470 sociorum

187 1519 301 1608 vires,
328 1533 365 1590 et
386 1533 580 1617 apparatus
597 1519 772 1615 opinione
788 1518 1008 1591 infirmiores
1026 1543 1069 1592 ac
1084 1519 1278 1612 tardiores,
1296 1523 1431 1594 veritus
1445 1524 1594 1596 etiamsi

187 1644 285 1718 solus
306 1644 444 1718 bellum
469 1643 507 1716 id
523 1659 708 1734 sumeret,
731 1667 845 1718 neres
858 1645 1023 1718 exanimi
1038 1647 1215 1718 sententia
1230 1671 1359 1745 parum
1371 1649 1595 1745 procederet,

188 1770 281 1844 llexo
296 1769 470 1842 aliorsum
492 1769 645 1870 consilio
666 1795 708 1842 ex
731 1769 884 1868 Appulia
906 1770 1044 1868 copias,
1072 1785 1108 1842 et
1123 1769 1270 1844 classem
1287 1797 1372 1844 cum
1391 1774 1527 1869 ingenti
1544 1777 1596 1848 vi·
1668 1799 1671 1806 ·

187 1919 315 1968 rorum
329 1910 366 1966 et
380 1894 558 1984 militum,
582 1919 626 1966 ac
643 1895 813 1992 preciosae
835 1893 1093 1993 suppellectilis
1111 1895 1250 1994 praedd,
1273 1921 1383 1993 quam
1406 1898 1596 1995 improbus

184 2019 463 2094 llabmnetanus
490 2019 537 2092 ab
565 2021 608 2092 iis
640 2021 705 2118 qui
728 2045 765 2092 se
790 2016 1006 2092 dediderant
1042 2036 1147 2094 antea
1180 2038 1326 2120 ceperat
1350 2025 1387 2094 in
1433 2025 1596 2121 Epirum,

187 2160 319 2243 praeter
330 2167 566 2216 communem
581 2145 748 2216 omnium
765 2141 877 2214 lermti
895 2169 996 2241 spem
1019 2145 1213 2216 revocavit.
1237 2145 1414 2218 Simulato
1430 2147 1540 2242 igitur
1557 2149 1595 2220 in

143 2312 148 2322 ·
186 2267 375 2342 Thraciam
390 2267 509 2340 reditu
534 2291 645 2365 quem
665 2268 850 2366 praemisso
866 2292 1012 2339 rumore
1032 2267 1078 2340 de
1103 2270 1246 2341 Persico
1265 2267 1362 2341 bello
1389 2270 1593 2358 inseverat,

184 2364 279 2467 llum
295 2399 512 2492 Corcyreum
542 2395 674 2466 lretum
693 2393 812 2466 classis
836 2395 996 2466 innocua
1013 2393 1393 2492 praeternavigaturai
1414 2395 1597 2494 plerisque
1629 2489 1631 2494 Ι

188 2520 430 2611 existimatur,
454 2519 555 2618 quod
571 2521 746 2618 proximis
763 2519 893 2592 diebus
911 2519 1137 2617 prestiterat,
1161 2519 1244 2592 clun
1259 2520 1513 2619 Appolloniam
1534 2547 1596 2620 pe-

190 2659 295 2730 teret,
318 2644 474 2716 insulam
501 2646 777 2743 circunquaque
797 2669 837 2716 ea
864 2645 1014 2740 navigiis
1034 2642 1174 2716 bellicis
1194 2641 1310 2742 prope
1331 2660 1449 2742 septa,
1472 2648 1596 2718 animo

189 2770 444 2869 intercipiendi
464 2770 703 2868 quadraginta
723 2771 886 2842 triremes
904 2795 946 2842 ac
973 2768 1122 2842 totidem
1151 2765 1264 2842 lermti
1279 2768 1347 2840 alia
1370 2769 1511 2842 minora
1531 2797 1597 2844 na-

192 2895 301 2990 vigia,
327 2893 468 2990 aliquot
493 2895 580 2968 item
604 2919 713 2967 naves
727 2909 929 2966 vestrorum
957 2891 1204 2964 firmissimum
1220 2891 1353 2982 robur,
1368 2909 1597 2992 vestramque

190 3019 423 3092 certissimum
432 3019 582 3092 tutelam
592 3023 827 3110 Venetorum,
836 3043 917 3116 quae
927 3019 1077 3115 inquam
1089 3005 1161 3090 illio
1174 3017 1231 3114 (ut
1245 3019 1548 3116 notissimumest)
1558 3021 1594 3092 in

189 3143 359 3216 anchoris
380 3144 540 3235 stabant,
565 3143 717 3220 callidus
737 3143 916 3218 barbarus
937 3145 1111 3243 occupari
1135 3143 1297 3216 mandat.
1318 3147 1486 3242 Corcyrei
1508 3145 1596 3218 nihil

191 3270 259 3344 tale
271 3273 493 3371 suspicantes
510 3295 585 3342 non
610 3271 724 3367 ignari
742 3271 852 3368 pacis,
869 3293 951 3366 quae
968 3268 1090 3366 plures
1104 3269 1253 3365 quidem
1278 3285 1362 3341 ante
1376 3293 1491 3342 annos
1506 3295 1595 3342 con·

191 3397 282 3468 lecta
307 3392 469 3494 proxime
495 3396 589 3466 inter
619 3394 844 3467 Solimanum
875 3415 1011 3489 vosque
1025 3397 1181 3464 Venetos
1205 3391 1347 3464 firmata
1376 3393 1509 3482 luerat,
1534 3391 1595 3464 ubi

192 3538 323 3594 vestras
342 3523 506 3596 triremes
528 3544 629 3596 oram
648 3519 786 3593 solvere
803 3505 846 3591 ac
862 3517 940 3590 vela
956 3521 1071 3590 ventis
1092 3517 1198 3606 dare,
1215 3517 1399 3614 paulbque
1412 3533 1493 3616 post
1507 3523 1595 3588 Tur·

190 3649 304 3722 cicam
332 3647 479 3720 classem
510 3647 714 3746 appellere,
745 3660 781 3716 et
807 3658 965 3716 armatos
1002 3641 1131 3714 milites
1161 3643 1384 3739 inexpectato
1422 3643 1460 3713 in
1498 3641 1598 3714 littus

191 3773 306 3845 emitti
320 3787 490 3862 cernunt,
503 3771 680 3870 pavefacti
698 3769 821 3842 subitb
835 3767 995 3840 hostium
1021 3767 1195 3858 adventu,
1216 3792 1301 3838 sese
1316 3766 1413 3840 illico
1426 3768 1463 3840 in
1476 3766 1597 3864 lugam

190 3913 428 3988 convertunt,
451 3897 512 3970 alii
537 3897 642 3970 devia
671 3901 821 3968 nemora
848 3893 1127 3990 reconditasque
1147 3917 1291 3991 specus,
1312 3891 1374 3964 alii
1395 3909 1599 3992 proeruptos

192 4021 422 4120 excelsosque
446 4037 590 4104 montes
605 4023 760 4121 petiere,
784 4047 867 4120 pars
890 4021 985 4092 circa
1014 4019 1115 4092 urbis
1140 4021 1274 4092 moenia
1295 4021 1376 4119 rupi
1391 4023 1598 4120 asperrimae

195 4147 372 4244 imposita
385 4171 423 4218 se
436 4171 615 4246 recepere.
631 4147 844 4245 Complures
859 4147 968 4240 igitur
986 4145 1176 4243 utriusque
1190 4149 1294 4218 sextis
1314 4146 1484 4220 mortales
1497 4137 1598 4244 prin·

192 4271 287 4370 cipio
302 4269 323 4342 it
341 4272 467 4342 Turcis
490 4273 533 4343 in‘
551 4270 729 4344 suburbio
751 4271 964 4370 intercepti,
989 4273 1070 4342 caesi
1090 4287 1193 4361 sunt3
1208 4274 1373 4368 quamvls
1391 4271 1454 4367 (ut
1473 4287 1597 4371 postea

192 4411 421 4494 compertum
440 4396 511 4493 est)
527 4395 777 4494 multoplures
791 4397 900 4468 etiam
912 4397 948 4466 in
964 4395 1081 4467 insula
1094 4377 1225 4493 passim
1240 4397 1354 4468 abditi
1369 4397 1518 4484 inventi,
1532 4397 1597 4494 qui

190 4518 238 4592 ad
251 4522 415 4618 primum
439 4521 601 4593 hostium
620 4521 833 4594 descensum
849 4521 1089 4617 dillugerant,
1117 4523 1212 4620 capti
1239 4545 1281 4592 ac
1306 4521 1485 4592 interlecti
1510 4522 1595 4592 siut.

191 4645 282 4718 cnm
296 4661 422 4718 autem
436 4661 568 4746 praeter
590 4649 729 4745 priores
750 4648 879 4719 milites
896 4673 939 4719 ex
960 4647 1133 4722 Batlnoto
1149 4647 1308 4742 lacisque
1331 4646 1492 4718 finitimis
1509 4673 1599 4745 qua·

191 4769 358 4864 draginta
381 4769 478 4842 mille
502 4770 634 4844 milites
651 4773 884 4870 transportati
903 4773 940 4842 in
970 4771 1125 4842 insulem
1142 4769 1311 4858 fuissent,
1336 4775 1492 4870 Corcyra
1513 4773 1600 4846 urbs

190 4893 348 4966 admotis
360 4898 551 4969 tormentis
575 4911 610 4968 et
624 4895 703 4968 aliis
716 4895 896 4968 machinis
916 4895 1054 4966 bellicis
1076 4895 1181 4964 tertio
1201 4915 1316 4966 nonas
1329 4896 1561 4993 septembris,
1579 4898 1600 4970 ir

192 5017 350 5090 Barbare
364 5016 523 5091 obsideri
538 5033 658 5116 coepta
670 5035 734 5092 est.
752 5019 887 5091 Verum
905 5017 989 5090 cum
1001 5015 1225 5115 perdifficilis
1236 5017 1423 5117 impendio
1434 5023 1597 5110 munitor,

192 5140 381 5238 arduoque
392 5143 429 5214 in
446 5141 527 5216 loco
544 5144 618 5215 sitae
629 5143 728 5216 urbis
739 5142 955 5242 expugnatio
971 5140 1167 5231 videretur,
1183 5140 1388 5237 largissimis
1400 5145 1598 5242 prasertim

317 5273 357 5328 1¹·
374 5281 512 5331 ntnrrn.
1421 5269 1461 5332 te
