3862 6048
394 641 456 702 232
514 694 516 700 .
616 615 983 706 nennnnssensns
1003 643 1083 706 son
1104 637 1153 704 tn
1175 619 1319 706 nones
1339 643 1571 735 sernonse.

444 777 493 844 Le
512 768 659 844 dernier
672 788 750 844 aete
768 773 815 844 de
836 798 901 844 son
919 773 1210 846 administratione
1228 801 1272 847 en
1287 776 1408 849 Morte
1423 777 1495 865 fut,
1506 793 1634 850 nutent
1646 801 1719 876 que
1730 773 1794 874 j’ei

393 921 443 994 pn
466 897 500 968 le
522 897 725 984 decouvrir,
743 898 776 970 la
790 899 1046 972 confirmation
1063 899 1110 971 de
1123 900 1157 972 la
1175 901 1350 974 donation
1369 903 1471 990 trite,
1490 929 1536 974 eu
1559 905 1651 976 mois
1670 905 1717 976 de
1730 905 1794 978 de·

393 1023 539 1094 cembre
555 1023 602 1094 de
627 1023 767 1096 l’annee
789 1023 1058 1122 precedentes
1084 1051 1121 1098 sa
1137 1025 1210 1097 fille
1235 1031 1460 1123 Merguerite.
1484 1034 1547 1100 Cet
1568 1045 1664 1119 aete,
1684 1032 1749 1102 fait
1773 1031 1794 1102 ὲ

393 1154 515 1218 Patras
528 1147 561 1218 le
579 1173 619 1218 αι
641 1147 771 1219 senrier
790 1149 895 1236 13o4‚
913 1173 1006 1220 nous
1017 1150 1080 1220 seit
1093 1156 1282 1222 oonnattre
1297 1153 1347 1224 les
1361 1177 1468 1224 noms
1480 1153 1527 1224 de
1539 1153 1717 1251 plusieurs
1730 1155 1794 1228 des

387 1271 499 1344 -hents
516 1273 721 1369 dignitaires
742 1273 788 1344 de
808 1273 927 1345 Mores
949 1272 970 1344 *a
987 1287 1080 1347 cette
1101 1274 1253 1373 epoqne.
1271 1281 1328 1350 On
1349 1303 1370 1373 y
1393 1293 1561 1350 retrouve
1580 1279 1722 1355 Niooles
1746 1279 1793 1352 de

391 1397 635 1484 Saint-Omer‚
669 1397 850 1468 merochel
875 1397 920 1468 de
944 1397 977 1468 la
1004 1399 1251 1497 principante,
1273 1399 1366 1472 celui
1383 1403 1501 1472 meme
1526 1401 1620 1477 dont
1635 1403 1736 1500 parte
1759 1403 1794 1474 le

395 1519 587 1618 Clrmm'que
606 1520 650 1590 de
664 1523 779 1592 More'e
800 1535 836 1592 et
850 1521 981 1618 qu’elle
996 1521 1165 1617 designe¹
1187 1547 1330 1595 comme
1348 1525 1404 1595 fils
1421 1525 1468 1596 de
1485 1529 1572 1596 Jean
1591 1543 1628 1598 et
1648 1550 1793 1600 comme

393 1644 573 1714 mare'chal
584 1644 809 1734 hereditans,
822 1645 872 1716 du
888 1645 986 1716 droit
998 1647 1044 1716 de
1057 1669 1095 1717 sa
1106 1643 1218 1736 mere,
1229 1651 1455 1744 Marguerite,
1469 1647 1576 1720 dame
1588 1650 1748 1723 d'Akova
1761 1650 1790 1722 ².

390 1773 449 1842 On
480 1795 501 1866 y
529 1772 605 1841 voit
620 1773 715 1842 aussi
734 1772 785 1842 les
805 1795 910 1842 noms
933 1771 1176 1868 d’Angilbert,
1200 1774 1566 1869 grand-eonneteble,
1586 1777 1792 1872 Benjarnin,

392 1893 595 1968 chancelier
626 1896 816 1984 d’Aeheie,
843 1901 990 1992 Hugues
1016 1897 1064 1969 de
1086 1898 1306 1996 Charpigny‚
1343 1902 1511 1996 seigneur
1540 1902 1586 1974 de
1617 1904 1792 1993 Vestina,

389 2019 486 2092 Giles
505 2020 551 2090 de
574 2023 728 2117 [eigny‚
744 2021 876 2092 Girani
901 2021 948 2092 de
972 2022 1139 2118 Lambry,
1154 2029 1262 2112 teon,
1277 2024 1503 2122 archeveqpe
1519 2026 1565 2096 de
1594 2033 1732 2116 Patres,
1756 2041 1793 2098 et

386 2149 556 2241 Jaoques,
574 2145 692 2243 doyen
713 2145 763 2216 du
782 2149 898 2217 meme
917 2145 1138 2217 eroheveohe'
1156 2146 1183 2216 ³.

388 2419 484 2482 etpotr
493 2419 621 2470 ebrenus
633 2431 681 2470 ens
690 2433 724 2470 en
737 2421 761 2470 n
771 2420 826 2470 dite
837 2418 902 2469 teste
912 2415 945 2468 de
956 2419 1068 2480 reseres
1140 2433 1152 2461 ι
1166 2419 1235 2468 noos
1245 2419 1375 2482 Phtttppes
1393 2421 1426 2472 de
1435 2425 1541 2485 serore.
1554 2420 1792 2484 prtneed'tetnye.

385 2508 494 2572 turques
513 2507 529 2558 t
547 2513 603 2558 tant
617 2521 667 2570 que
688 2521 754 2560 nous
771 2509 788 2557 tt
807 2521 902 2558 rorone
920 2512 1016 2560 essetez
1034 2519 1067 2556 en
1108 2513 1133 2558 et
1144 2510 1276 2566 moeror,
1294 2512 1423 2572 prinoesse
1437 2511 1469 2562 de
1479 2513 1544 2562 cette
1559 2513 1665 2564 netsrne
1676 2511 1790 2576 prteese,

390 2603 463 2646 autre
476 2598 517 2647 teu
529 2597 655 2647 suffizent.
669 2601 700 2647 Et
712 2611 777 2660 pour
787 2609 815 2646 oe
827 2597 954 2646 mendons
964 2600 990 2645 et
1002 2608 1069 2645 com·
1108 2596 1206 2648 trisons
1223 2600 1335 2648 assevotr
1350 2597 1364 2648 ἁ
1382 2605 1439 2649 tous
1454 2602 1527 2650 eeutx
1545 2600 1589 2662 qut
1607 2605 1688 2649 restes
1704 2600 1794 2649 lettres

391 2683 544 2736 mendonse
557 2684 901 2737 noustreeoumeretterdon
913 2684 1067 2734 commerete
1107 2689 1214 2736 verront
1230 2691 1257 2736 et
1274 2693 1378 2744 orront,
1393 2699 1444 2750 que
1464 2695 1524 2736 eum
1540 2699 1569 2738 ee
1585 2689 1635 2736 eott
1651 2689 1726 2737 chose
1740 2695 1793 2750 (tue

385 2775 568 2834 nemetense,
581 2776 625 2838 qni
643 2780 683 2824 est
699 2788 734 2824 on
748 2775 792 2843 qut
804 2786 861 2826 sere
873 2786 939 2838 pour
950 2775 974 2824 le
986 2776 1068 2834 temps
1108 2787 1175 2826 noes
1195 2774 1330 2826 hersrtons
1351 2777 1453 2828 dosnoe
1482 2773 1713 2829 resumentem
1737 2774 1792 2824 fitte

387 2866 433 2928 qn
454 2870 492 2914 est
509 2865 524 2914 r's
543 2866 616 2915 venir
636 2865 800 2921 concretior,
812 2863 874 2926 qu'tt
895 2863 1068 2926 respondean
1107 2863 1275 2924 Merguertte,
1297 2869 1396 2914 nostres
1408 2865 1544 2913 cbesteeux
1559 2863 1591 2914 de
1605 2865 1745 2926 Certteyne
1764 2868 1792 2912 et

389 2953 441 3004 diet
452 2929 605 3018 troquemtn
618 2958 642 3003 et
654 2951 709 3004 fece
726 2957 863 3014 perennet
876 2949 890 3000 t
903 2952 939 3000 lut
952 2963 984 3000 ou
996 2949 1010 3000 e
1021 2963 1066 3000 son
1107 2953 1139 3002 de
1151 2953 1278 3012 Bossetet,
1295 2952 1310 3003 t
1324 2959 1394 3005 toute
1406 2955 1429 3004 le
1444 2953 1609 3004 chostettente
1621 2957 1647 3004 et
1658 2955 1694 3004 tes
1709 2953 1794 3004 rorte-

386 3042 616 3092 eomnrnoement
629 3041 673 3092 des
685 3041 805 3092 oteneoo
817 3041 982 3103 neperteutn
994 3042 1068 3090 etses-
1108 3055 1190 3095 roseos
1210 3044 1242 3094 de
1262 3045 1336 3095 oeotx
1356 3045 1476 3096 metueres
1493 3044 1562 3094 tiens
1582 3047 1609 3093 et
1621 3041 1636 3093 rt
1649 3047 1733 3096 teuta
1749 3055 1793 3094 ses

387 3141 439 3179 eun
451 3143 494 3186 en.
506 3143 540 3180 ou
559 3135 639 3179 terme
655 3130 730 3180 desus
750 3129 841 3192 nome3
858 3133 884 3180 et
904 3129 941 3178 les
960 3129 1068 3180 chooses
1108 3135 1792 3198 retrone.dreytrrresetrppertenenees‚lusucs.tsus

387 3229 438 3278 que
450 3231 515 3270 noos
527 3217 544 3267 n
556 3219 707 3268 asseteirons
719 3229 785 3279 pour
797 3216 915 3266 lesdiets
926 3219 972 3266 300
987 3217 1067 3278 tmpe-
1107 3227 1133 3272 et
1149 3228 1227 3280 vent,
1244 3223 1398 3284 iuridicions
1413 3229 1438 3272 et
1456 3227 1512 3272 tout
1532 3234 1562 3272 ee
1578 3225 1623 3285 qut
1641 3223 1792 3284 appartient

386 3306 484 3364 rteutr,
500 3307 517 3356 ΙΙ
537 3311 563 3356 et
580 3319 619 3356 ses
639 3307 709 3356 hotrs
727 3307 820 3356 deson
839 3319 896 3357 eors
916 3307 953 3357 tes
971 3307 1068 3369 dorent
1106 3309 1159 3361 tte
1169 3311 1221 3361 dite
1229 3311 1404 3370 rhrstettente‚
1417 3315 1473 3363 tent
1484 3311 1564 3375 eequt
1572 3317 1610 3362 est
1618 3325 1652 3362 ru
1662 3311 1792 3372 domans

385 3396 457 3450 testr
467 3397 499 3446 de
512 3409 578 3448 nom
589 3397 659 3450 etde
676 3409 742 3450 nous
751 3398 822 3448 hotrs
832 3411 865 3450 eu
885 3399 978 3460 eenttte
988 3397 1065 3456 flens.
1107 3411 1154 3462 per
1166 3401 1306 3463 nomene.
1326 3413 1378 3464 que
1389 3413 1419 3452 es
1431 3402 1477 3464 qni
1487 3405 1527 3452 est
1537 3413 1572 3452 ru
1583 3401 1636 3452 fleu
1648 3413 1695 3464 per
1704 3401 1792 3452 fleres

386 3489 421 3543 et,
433 3489 567 3536 seoonttes
577 3492 642 3536 eset
653 3489 690 3537 tes
701 3491 847 3536 couseomes
858 3487 998 3550 donperre.
1010 3489 1067 3548 sere
1106 3503 1139 3542 en
1158 3491 1266 3554 homere
1284 3493 1348 3554 lige,
1367 3493 1424 3542 ensi
1441 3504 1492 3554 que
1512 3492 1530 3542 tt
1546 3497 1639 3556 rppert
1659 3504 1706 3554 per
1724 3503 1791 3542 unes

385 3588 452 3624 nous
474 3575 498 3624 te
512 3578 613 3626 service
626 3577 658 3626 de
671 3589 704 3626 so
719 3590 851 3639 personne
868 3578 934 3626 trote
948 3581 1016 3627 mos's
1035 3579 1067 3627 de
1107 3580 1194 3630 lettres
1203 3594 1254 3643 que
1265 3595 1330 3632 nous
1341 3594 1420 3631 evons
1432 3577 1562 3630 dettvrest
1574 3581 1598 3630 n
1612 3581 1666 3629 dite
1674 3583 1792 3642 norgue-

385 3661 610 3721 reversuros
622 3669 739 3728 requeste
750 3666 815 3716 etde
828 3679 892 3715 nous
901 3665 1066 3728 betesmon
1105 3669 1155 3720 rtte
1173 3675 1260 3721 nostre
1280 3670 1343 3730 nte,
1361 3671 1415 3721 vete
1436 3683 1532 3732 oeque
1552 3681 1659 3724 sneores
1684 3671 1791 3724 doeens

386 3751 430 3812 tux
447 3756 473 3802 et
490 3765 555 3814 pour
571 3765 610 3804 see
628 3754 712 3816 hoirs3
731 3758 758 3802 et
770 3755 792 3804 st
806 3755 873 3806 sinet
892 3754 945 3804 tuet
959 3755 1021 3816 qu'it
1034 3767 1067 3804 se
1106 3771 1173 3810 sons
1194 3757 1289 3810 teette
1310 3765 1397 3812 nostre
1419 3759 1472 3810 fflte
1490 3765 1518 3810 et
1534 3773 1585 3810 eux
1601 3759 1673 3812 hotrs
1688 3760 1722 3810 de
1739 3770 1789 3810 sos

385 3851 451 3888 nous
468 3845 543 3900 penst
553 3841 633 3889 servir
643 3853 675 3890 ou
691 3853 723 3889 ne
735 3843 831 3902 nepssit
841 3843 873 3891 de
887 3855 914 3891 se
929 3855 1064 3903 personne,
1106 3857 1187 3908 corps,
1201 3851 1226 3896 et
1237 3851 1379 3907 outroyons
1395 3851 1421 3897 et
1443 3847 1602 3898 conflrmons
1615 3854 1698 3898 tontes
1712 3849 1791 3898 celtes

384 3931 483 3980 senous
498 3935 603 3991 promet
620 3931 651 3980 cte
666 3933 754 3980 servir
771 3935 796 3980 et
806 3931 871 3994 ‹topt
882 3931 946 3980 d'un
957 3945 1066 3996 escuyer
1106 3935 1194 3984 choses
1201 3935 1289 3984 (tessus
1297 3937 1418 3997 escrtptes
1426 3935 1577 3994 etdertstes,
1588 3947 1652 3998 pour
1660 3936 1789 3986 teservlee

384 4019 506 4070 deterat
516 4034 607 4070 onnes
620 4021 658 4070 tes
669 4022 713 4094 οἰκ
724 4023 790 4070 trots
802 4023 869 4076 mets
880 4022 996 4073 enm
1011 4037 1063 4074 an.
1105 4024 1137 4074 oe
1151 4037 1198 4076 son
1216 4036 1292 4088 eoeps
1308 4031 1335 4076 et
1350 4026 1383 4076 de
1397 4026 1436 4076 etr
1452 4026 1596 4078 cheretim
1618 4026 1699 4082 [trote]
1719 4027 1789 4077 mets

384 4110 417 4158 Et
431 4120 496 4169 pour
507 4119 536 4157 ee
548 4109 565 4157 n
578 4121 644 4159 nous
662 4109 695 4159 he
710 4110 806 4171 promis
817 4113 843 4159 et
859 4110 918 4171 lure
934 4109 1028 4161 retente
1039 4117 1066 4162 et
1104 4126 1137 4162 en
1157 4114 1219 4163 l'en.
1239 4117 1270 4164 Et
1287 4128 1336 4175 pur
1347 4127 1376 4165 ee
1396 4127 1447 4177 que
1463 4119 1531 4164 ceste
1544 4113 1620 4163 chose
1641 4115 1691 4164 soit
1706 4113 1788 4164 terme

384 4198 536 4259 homageet
549 4197 631 4250 servtr
642 4200 695 4248 ensi
713 4211 786 4249 eosne
796 4205 834 4249 est
847 4199 922 4250 deses
932 4201 970 4250 dn
981 4206 1007 4251 et
1018 4202 1064 4252 de·
1104 4206 1130 4251 et
1153 4203 1250 4253 estable
1273 4209 1363 4266 etque
1379 4205 1424 4254 not
1448 4217 1481 4254 ne
1503 4204 1587 4266 potsse
1607 4205 1671 4254 atter
1685 4203 1700 4255 t
1720 4205 1788 4255 t'en·

345 4309 347 4312 ·
383 4289 458 4340 rtsts.
478 4293 510 4340 sst
525 4301 590 4352 pote
611 4302 662 4352 que
678 4295 746 4340 eeste
760 4291 855 4340 ottones
870 4293 922 4342 rott
936 4291 1019 4342 terres
1037 4297 1065 4342 et
1104 4296 1204 4349 contre,
1220 4303 1287 4342 nous
1297 4292 1394 4342 herens
1403 4291 1454 4342 tett
1464 4291 1581 4343 ennete
1594 4293 1617 4342 tr
1629 4293 1684 4342 dtts
1699 4297 1788 4344 nostre

382 4380 488 4435 estebte.
502 4392 570 4432 nous
580 4381 598 4429 n
610 4393 691 4432 eroes
702 4381 784 4431 dones
797 4395 837 4434 ces
846 4395 964 4444 pressere
977 4384 1065 4434 lettres
1103 4377 1157 4430 fite
1169 4385 1250 4430 restes
1262 4385 1392 4442 presentes
1405 4382 1493 4442 lettres
1510 4385 1627 4432 ourertes
1638 4382 1740 4433 redtees
1754 4383 1788 4434 ds

382 4474 499 4520 reverter
506 4469 606 4522 settteee
615 4470 927 4535 denoustregrentsstetr
938 4475 1063 4537 pendent.
1104 4477 1203 4520 nostres
1212 4483 1319 4532 soum
1332 4475 1358 4521 et
1369 4469 1384 4521 t
1397 4472 1539 4534 ptusgrest
1557 4469 1665 4521 tormen
1675 4472 1709 4522 de
1718 4479 1787 4523 eests

420 4559 554 4611 «nserttes
571 4558 585 4610 t
604 4561 729 4612 ctersnoe
750 4563 802 4613 t’en
823 4561 856 4612 de
875 4563 1062 4614 t'tnermeton
1104 4559 1199 4608 choree
1220 4572 1285 4609 noos
1308 4559 1405 4610 herous
1425 4561 1512 4622 sequte
1537 4561 1561 4610 te
1583 4561 1708 4611 reverend
1726 4573 1788 4623 pers

383 4651 461 4699 Nes.
479 4652 552 4700 J.-c.
574 4652 633 4701 noo
649 4649 682 4701 de
703 4651 727 4702 te
745 4652 828 4714 prtnse
845 4652 979 4710 tndteton,
1000 4652 1014 4702 r
1036 4657 1064 4704 to
1103 4659 1136 4700 en
1154 4649 1221 4697 Dten
1244 4649 1522 4710 nannetensem
1539 4650 1654 4710 nereos
1668 4649 1703 4700 ds
1720 4651 1787 4701 Dteu

380 4737 452 4798 lom
465 4738 518 4787 dou
535 4739 601 4789 mots
617 4739 650 4789 tte
664 4739 766 4800 tornet.
786 4757 797 4782 ι
1102 4736 1274 4798 aeremque
1288 4736 1320 4786 de
1333 4738 1433 4794 Patres,
1450 4741 1477 4785 et
1492 4737 1518 4788 le
1531 4737 1675 4788 honorebte
1688 4741 1713 4787 et
1727 4749 1787 4801 sege

416 4823 423 4852 ¹
439 4820 630 4886 &auersos
640 4825 742 4884 Mores,
753 4837 830 4888 peges
841 4827 886 4876 tw
895 4829 922 4876 et
932 4827 985 4878 tw.
1103 4823 1207 4875 homme
1216 4827 1420 4888 mesnretsque,
1428 4826 1511 4889 dorsu
1519 4826 1552 4877 (te
1562 4839 1593 4876 ce
1601 4829 1710 4878 meteres
1722 4829 1785 4886 tter.

414 4909 425 4940 ¹
436 4914 518 4974 voees
527 4925 591 4962 rnen
601 4913 730 4964 Glossetre
739 4916 929 4978 onomesttqne.
1102 4919 1129 4964 et
1137 4915 1175 4966 tes
1184 4915 1276 4966 nobles
1288 4917 1407 4966 nonme
1418 4917 1525 4967 messtre
1531 4917 1676 4979 nnettosrr.
1686 4919 1785 4980 erud·

413 4999 510 5050 ‘votet
527 5007 567 5051 oet
582 5005 638 5050 eete
659 5003 693 5051 tet
707 5015 758 5065 qus
772 5004 800 5066 le
820 5005 844 5054 te
859 5009 980 5056 retroure
996 5006 1063 5056 dees
1102 5006 1258 5056 eonnetettts
1269 5006 1313 5056 ‘de
1334 5007 1398 5057 cette
1414 5007 1522 5057 reetrere
1545 5008 1664 5069 peruror„
1679 5008 1786 5058 mentre

381 5087 536 5138 Gutehenoe
549 5087 668 5150 (escoves
678 5091 712 5139 de
725 5089 863 5145 t’Htstotrs
872 5093 906 5142 ds
918 5095 1063 5148 torem
1102 5097 1207 5157 fluores
1223 5095 1256 5146 ds
1275 5096 1432 5159 Chnptm,
1447 5097 1584 5158 uolente
1596 5101 1684 5152 nosne
1696 5097 1784 5148 ohse-

380 5176 535 5236 deSooote,
549 5189 614 5240 pree
631 5176 709 5239 torp
1102 5185 1188 5242 oetier,
1206 5185 1311 5235 rnesrtrs
1330 5185 1400 5236 oues
1418 5185 1451 5236 de
1464 5186 1560 5248 teigne
1577 5190 1604 5236 et
1618 5186 1726 5236 nostre
1735 5185 1785 5234 Gt·
