3914 6046
351 616 390 678 :n
571 595 937 680 sustinuissemus
958 616 1035 678 sun
1057 618 1105 678 m
1127 595 1270 679 nonan
1291 613 1520 706 suanense.

350 747 468 821 Sicilie
478 746 674 820 heredibus
682 748 726 844 (si
737 748 987 846 voluerimus),
1001 751 1063 846 huj
1069 750 1209 822 asmodi
1223 751 1363 822 tertiam
1376 764 1515 847 partem
1528 746 1668 844 eligere,
1678 764 1741 821 aut

351 874 459 944 etiam
473 871 652 943 obtinere.
669 871 722 942 Ad
735 871 814 957 hec,
830 873 860 943 si
881 873 1001 946 forsan
1018 873 1069 946 illi
1082 874 1157 945 duo
1171 874 1331 969 (Hugues
1344 889 1380 944 et
1395 898 1460 944 son
1476 872 1546 969 fils)
1561 897 1643 944 eum
1658 875 1741 972 qui·

350 995 420 1068 bus
430 994 567 1092 aliquas
578 996 835 1067 conventiones
844 995 982 1067 habetis
991 986 1099 1095 super
1109 1022 1219 1093 regno
1227 995 1542 1086 Thessalonicensi,
1554 997 1592 1068 in
1604 1021 1741 1068 earum-

350 1119 434 1190 dem
445 1120 732 1190 conventionum
750 1118 1001 1192 observatioue
1016 1120 1224 1208 defecerint,
1237 1121 1344 1191 vultis
1364 1137 1399 1192 et
1416 1121 1626 1193 consentitis
1640 1121 1739 1218 quod

351 1243 471 1339 ipsum
485 1265 636 1338 regnum
649 1241 977 1331 Thessalonicense,
992 1268 1102 1314 otnne
1116 1243 1320 1316 dominium
1335 1257 1370 1316 et
1387 1243 1547 1342 quelibet
1560 1244 1644 1339 jura
1656 1269 1741 1342 que-

351 1390 508 1462 cumque
531 1367 568 1436 in
589 1365 719 1437 eodem
735 1391 846 1462 regno
866 1365 1171 1439 Thessalonicensi
1191 1365 1331 1438 habetis
1348 1365 1406 1437 vel
1427 1365 1561 1440 habere
1580 1366 1738 1456 debetis,

351 1517 418 1563 nos
434 1493 621 1589 nostrique
634 1495 671 1563 in
686 1492 851 1590 predicto
866 1517 975 1588 regno
989 1493 1155 1583 heredes,
1174 1494 1211 1563 in
1228 1517 1351 1564 casum
1366 1491 1587 1588 predictum,
1605 1492 1740 1591 plenis·

350 1615 451 1704 sime,
471 1618 501 1688 si
520 1617 761 1707 voluerimus,
775 1616 972 1689 habeamus
992 1619 1027 1688 in
1045 1617 1207 1715 predicti
1221 1620 1343 1688 nostra
1357 1619 1461 1688 tertii
1481 1618 1737 1716 computanda.

349 1747 583 1814 lllemoratam
600 1745 722 1840 itaque
739 1757 870 1814 terram
885 1743 1022 1841 prefate
1037 1743 1170 1815 Helene
1184 1741 1202 1813 h
1219 1767 1286 1813 suo
1306 1757 1408 1840 patre
1422 1742 1558 1833 damin,
1577 1758 1613 1813 et
1630 1767 1740 1839 quam

349 1866 436 1938 dicti
457 1866 665 1938 Manfredus
688 1883 724 1939 et
747 1867 936 1965 Philippus
959 1867 1164 1940 Chinardus
1186 1868 1241 1965 (ut
1263 1867 1499 1965 prediximus)
1524 1883 1738 1951 tenuerunt,

349 2013 475 2060 omnes
497 2014 644 2086 quoque
657 1993 847 2088 premissas
863 1990 1014 2083 insulas,
1034 1993 1189 2089 exceptis
1209 2006 1367 2088 quatuor
1381 1989 1567 2089 predictis,
1582 1991 1685 2063 vobis
1705 2006 1741 2062 et

349 2115 476 2185 vestris
496 2114 764 2186 successoribus
782 2117 985 2205 reservatis,
1006 2117 1215 2214 premissam
1234 2117 1341 2189 etiam
1362 2118 1503 2188 tertiam
1526 2141 1741 2214 recuperan-

349 2236 498 2329 dorum,
524 2263 586 2310 seu
609 2239 917 2335 acquirendorum
941 2239 996 2335 (ut
1020 2239 1187 2339 superihs
1208 2255 1260 2312 est
1280 2242 1520 2338 expressum),
1537 2264 1682 2312 necnon
1705 2255 1741 2312 et

353 2363 493 2435 dietum
511 2387 660 2458 regnum
674 2361 999 2453 Thessalonicense,
1015 2366 1052 2436 iu
1070 2389 1152 2438 casu
1171 2366 1210 2437 in
1232 2391 1308 2464 quo
1331 2366 1426 2438 idem
1448 2391 1598 2462 reguum
1616 2365 1661 2438 ad
1674 2391 1741 2438 nos

349 2502 564 2584 nostrosque
579 2489 616 2558 in
634 2512 746 2583 regno
768 2488 888 2560 Sicilie
907 2487 1058 2561 heredes
1078 2489 1268 2588 pervenire
1289 2489 1409 2580 dehet,
1426 2487 1631 2561 dominium
1645 2514 1739 2588 quo·

349 2635 421 2706 que
446 2611 606 2707 ipsorum
632 2611 820 2700 omnium,
847 2611 931 2706 jura
958 2613 1066 2684 etiam
1096 2612 1294 2711 imperialia
1321 2628 1357 2684 et
1382 2611 1542 2709 quelibet
1565 2611 1634 2684 alia
1658 2613 1740 2709 jura

352 2757 584 2831 quecumque
598 2735 636 2804 in
654 2733 723 2804 illis
740 2733 895 2826 habetis,
916 2760 978 2808 seu
997 2733 1133 2807 habere
1151 2736 1315 2834 possetis,
1332 2750 1394 2806 aut
1407 2735 1510 2807 vobis
1528 2753 1741 2835 competunt

349 2855 405 2927 vel
430 2872 637 2954 competere
657 2872 824 2955 possent,
856 2882 897 2929 ex
923 2881 1023 2929 nunc
1047 2857 1172 2949 nobis,
1199 2858 1400 2954 nostrisque
1425 2860 1463 2929 in
1487 2883 1597 2954 regno
1621 2858 1742 2932 Sicilie

349 2980 559 3068 heredibus,
586 2979 729 3072 ceditis,
749 2980 861 3070 datis,
882 2981 1080 3054 conceditis
1100 2998 1135 3054 et
1156 2982 1313 3074 donatis,
1337 2984 1460 3054 omnia
1483 2998 1579 3054 caet
1604 2983 1741 3080 singula

350 3103 497 3200 prorsits
511 3104 558 3175 ab
580 3105 659 3203 ipso
673 3121 878 3204 separantes
891 3107 1044 3204 imperio
1064 3106 1132 3178 eta
1148 3106 1248 3178 vobis
1263 3108 1459 3204 vestrisque
1477 3107 1742 3182 successorihus

350 3242 386 3297 et
404 3227 531 3298 eodem
546 3229 700 3326 imperio
715 3228 874 3301 totaliter
887 3228 1111 3320 abdicantes,
1126 3229 1174 3301 ita
1187 3230 1288 3326 quod
1309 3255 1376 3302 nos
1393 3246 1426 3301 et
1445 3231 1559 3302 nostri
1572 3231 1610 3302 in
1630 3257 1741 3330 regno

350 3351 469 3425 Sicilie
485 3351 635 3425 heredes
660 3377 701 3424 ea
725 3355 761 3425 in
784 3356 901 3452 capite
923 3369 959 3428 et
980 3353 1152 3451 tanquam
1171 3355 1390 3454 principales
1410 3355 1567 3449 domini,
1588 3382 1655 3432 nec
1677 3383 1741 3432 vos
1783 3335 1786 3338 Ι

350 3502 419 3550 nec
438 3503 661 3552 successores
675 3495 821 3568 vestros,
836 3503 904 3551 nec
917 3479 1075 3577 aliquem
1089 3480 1217 3573 alium,
1233 3483 1271 3553 in
1285 3480 1354 3554 illis
1366 3484 1591 3580 superiorem
1603 3481 1743 3557 haben·

351 3617 420 3692 tes,
445 3601 576 3693 libera,
603 3604 781 3674 immunia
810 3619 845 3676 et
865 3620 1030 3702 exempta
1059 3605 1205 3703 abipso
1230 3607 1383 3704 imperio
1404 3608 1554 3704 ejusque
1577 3607 1741 3680 dominio

343 3707 386 3796 ¹et
417 3726 679 3822 cujuscumque
703 3727 836 3797 servitii
864 3751 976 3798 onere
1002 3744 1189 3799 teneamus
1213 3744 1249 3800 et
1269 3731 1448 3827 perpetui)
1468 3729 1681 3823 habeamus,
1704 3748 1742 3805 et

350 3848 507 3920 barones
523 3865 559 3922 et
576 3849 783 3946 burgenses,
798 3867 833 3922 et
848 3849 908 3922 alii
928 3875 1056 3924 eorum
1074 3853 1254 3942 omnium,
1281 3877 1348 3925 nos
1361 3869 1397 3926 et
1410 3870 1552 3927 nostros
1571 3857 1609 3927 in
1629 3880 1741 3954 reguo

351 3971 472 4044 Sicilie
499 3972 669 4066 heredes,
699 3975 915 4073 principales
945 3977 1147 4075 superiores
1168 3991 1204 4074 et
1227 3978 1419 4077 precipuos
1446 3979 1615 4052 dominos
1643 4006 1743 4056 reco-

350 4111 541 4190 gnoscant,
555 4098 648 4169 sicut
662 4123 726 4168 vos
747 4114 784 4170 et
801 4114 938 4170 vestros
953 4101 990 4170 in
1008 4100 1086 4198 ipso
1110 4100 1263 4198 imperio
1282 4101 1551 4198 predecessores
1570 4129 1742 4201 recogno·

351 4237 498 4310 verunt,
513 4245 576 4292 seu
590 4246 843 4318 recognoscere
863 4223 1092 4310 tenebantur,
1110 4248 1154 4296 ae
1167 4223 1274 4296 nobis
1293 4241 1328 4298 et
1346 4227 1431 4324 ipsis
1450 4229 1580 4298 nostris
1599 4226 1742 4302 heredi·

350 4344 419 4415 bus
439 4343 475 4414 in
491 4344 663 4417 omnibus
681 4361 833 4443 pareant
853 4361 888 4417 et
903 4346 1108 4433 intendant,
1127 4347 1226 4419 etde
1246 4346 1393 4420 illorum
1410 4349 1597 4437 demaniis,
1610 4351 1741 4443 leudis,

352 4469 548 4561 fructibus,
572 4470 773 4546 redditibus
794 4487 831 4544 et
852 4472 1109 4570 proventibus,
1133 4471 1355 4564 honoribus,
1372 4473 1687 4570 jurisdictionibus
1707 4492 1744 4549 et

352 4594 575 4689 quibuslibet
587 4595 664 4668 aliis
678 4596 823 4693 juribus
843 4597 1102 4698 respondeant,
1117 4598 1210 4670 sicut
1228 4597 1390 4696 unquam
1408 4597 1534 4670 melius
1547 4597 1669 4690 vohiS,
1683 4601 1742 4674 vel

352 4716 562 4814 hujusmodi
588 4720 901 4819 predecessoribus
919 4721 1060 4813 vestris,
1083 4734 1119 4792 et
1141 4719 1259 4794 eidem
1280 4721 1433 4820 imperio
1453 4723 1740 4821 responderunt,

352 4840 409 4911 vel
434 4843 652 4940 respondere
673 4845 871 4918 debebant.
896 4853 951 4917 De
972 4843 1138 4941 predatur
1163 4871 1299 4946 quoquc
1319 4845 1434 4942 feudo
1455 4863 1490 4920 et
1508 4846 1650 4946 juribus
1674 4874 1743 4948 que

352 4962 533 5036 habebatis
555 4968 592 5036 in
608 4969 805 5064 prrircipatu
822 4967 997 5066 predata,
1018 4991 1061 5041 ac
1081 4968 1129 5042 de
1149 4971 1320 5043 omnibus
1344 4971 1422 5044 aliis
1442 4971 1619 5045 concessis
1637 4972 1743 5045 nobis

353 5105 387 5160 et
408 5092 538 5163 nostris
553 5092 589 5162 in
609 5117 719 5187 reguo
738 5093 855 5166 Sicilie
872 5092 1086 5184 heredibus,
1105 5111 1215 5195 prout
1235 5096 1401 5196 superihs
1419 5095 1639 5188 continetur,
1658 5121 1740 5186 nos,
