3914 6046
24 931 26 948 Ι

24 1079 26 1096 l

24 1109 26 1122 v

24 1123 25 1142 l

24 1159 26 1174 l

24 1191 26 1204 ι

24 1215 26 1232 1

708 647 1030 728 rnrnonucrrorv.
1223 607 1229 620 ’
1527 651 1566 712 37

172 798 247 854 tur
268 779 310 852 ld
326 796 448 852 autem
471 782 508 852 in
526 780 738 879 hujusmodi
760 784 874 854 vestra
897 797 934 852 et
953 781 1063 876 ipsius
1082 777 1237 877 Philippi
1260 777 1323 850 lilii
1348 781 1454 850 vestri
1479 805 1567 877 pro

172 905 359 994 missione,
374 905 598 1000 juramento,
614 921 655 977 ut
675 907 909 1005 premittitur,
933 905 1159 993 roboratum,
1174 917 1296 974 ectum
1319 917 1354 974 et
1369 903 1572 1004 specialiter

171 1044 226 1100 est
247 1054 469 1166 expressum,
487 1029 588 1126 quod
602 1055 679 1120 vos,
699 1046 735 1102 et
754 1027 851 1102 idein
875 1028 969 1100 lilius
980 1042 1112 1124 vester,
1134 1026 1180 1098 ad
1201 1029 1512 1125 recuperationem
1533 1046 1568 1101 et

168 1111 447 1249 acquisitionem
470 1152 662 1248 ejusder'n
653 1153 796 1250 imperii
821 1175 967 1223 omnem
991 1174 1060 1248 pro
1083 1149 1223 1222 viribus
1245 1149 1375 1222 dabitis
1399 1175 1508 1248 opem
1532 1168 1568 1223 et

170 1292 384 1373 operam,·et
397 1273 662 1373 undecumque,
673 1293 708 1348 et
720 1293 1056 1374 quantumcumque
1066 1275 1243 1373 poteritis,
1262 1275 1505 1374 procurabitis
1520 1275 1579 1366 ad¹

173 1399 211 1472 id
229 1399 364 1472 habere
377 1401 648 1492 subsidium,ac
662 1425 771 1474 omne
788 1404 825 1474 in
839 1401 1001 1499 personis
1015 1415 1050 1471 et
1063 1399 1170 1474 rebus
1180 1400 1284 1496 juxta
1300 1426 1405 1498 posse
1422 1425 1488 1498 per
1503 1426 1567 1474 vos

175 1539 210 1594 et
223 1526 360 1596 amicos
370 1539 506 1596 vestros
517 1525 710 1598 consilinm
722 1541 757 1597 et
770 1525 943 1602 auxilium
957 1524 1157 1621 apponetis.
1174 1525 1339 1621 Denique
1356 1527 1569 1598 consentitis

180 1661 214 1717 et
233 1647 348 1743 placet
371 1647 490 1739 vobis,
513 1647 614 1746 qubd
638 1663 858 1720 memoratus
880 1671 1043 1718 summus
1062 1646 1222 1744 pontifex
1248 1649 1419 1745 premissa
1442 1651 1567 1721 omnia

178 1772 293 1861 vallet,
312 1773 455 1859 solidet,
475 1775 667 1846 confirmet
684 1790 719 1846 et
733 1775 898 1878 roboret,
912 1795 1229 1870 quarumcumque
1245 1774 1505 1845 sententiarum
1520 1799 1562 1846 ac

172 1922 369 1994 penarum,
392 1915 428 1970 et
453 1899 605 1971 aliarum
628 1897 872 1997 quarumlibet
894 1899 1127 1970 securitatum
1148 1911 1185 1968 ct
1207 1895 1418 1968 firmitatum
1441 1897 1564 1993 adjec-

172 2020 337 2094 tionibus
353 2021 398 2093 de
415 2021 549 2118 quibus
567 2022 698 2094 viderit
719 2020 897 2118 expedire.
921 2018 1088 2092 Ceterirm
1109 2035 1232 2092 actum
1254 2035 1305 2091 est
1325 2021 1420 2092 inter
1440 2045 1505 2092 vos
1528 2035 1565 2092 et

170 2168 264 2232 nos,
292 2159 329 2214 et
352 2143 515 2242 expresse
540 2161 775 2231 conventum,
807 2143 909 2241 qubd
930 2142 1041 2216 altera
1065 2143 1224 2240 partium
1247 2168 1323 2214 non
1350 2143 1564 2231 observante

170 2269 382 2363 hujusmodi
401 2271 659 2342 conventiones
678 2285 713 2340 et
729 2283 847 2366 pacta,
870 2267 1007 2364 reliqua
1027 2267 1073 2338 ad
1093 2265 1381 2338 observationem
1401 2271 1561 2366 ipsorum

172 2393 323 2466 minime
337 2411 514 2468 teneatur.
538 2400 580 2466 Ut
602 2397 711 2491 igitur
724 2393 934 2490 hujusmodi
951 2393 1211 2494 conventiones
1228 2408 1263 2464 et
1282 2407 1399 2490 pacta,
1422 2392 1564 2488 aliaque

172 2520 344 2615 premissa
370 2521 495 2591 omnia
517 2535 554 2590 et
579 2519 717 2614 singula
739 2518 888 2616 plenum
917 2543 958 2590 ac
979 2531 1198 2614 perpetuum
1230 2515 1343 2588 robur
1373 2516 1565 2589 obtineant

173 2643 374 2728 firmitatis,
407 2669 553 2742 presens
583 2635 759 2742 scriptum
783 2668 845 2714 seu
875 2641 1100 2740 privilegium
1128 2639 1255 2712 exinde
1286 2640 1363 2712 fieri
1391 2657 1429 2712 et
1456 2643 1563 2713 aurea

171 2767 268 2839 bulla
286 2771 428 2867 typario
443 2785 564 2856 nostre
579 2770 770 2866 majestatis
784 2771 954 2867 impressa
966 2769 1137 2864 jussimus
1152 2767 1386 2839 communiri.

218 2898 374 2967 «Actum
387 2894 539 2968 Viterbii
549 2896 586 2966 in
601 2898 743 2967 camera
751 2895 940 2966 nremorati
950 2893 1091 2964 domini
1101 2892 1307 2983 Clementis,
1322 2917 1416 2990 pape
1431 2893 1565 2988 quarti,

172 3017 208 3088 in
232 3020 413 3115 presentia
432 3018 593 3116 ejusdem
613 3019 754 3091 domini
781 3043 891 3117 pape,
914 3017 1143 3116 presentibus
1165 3017 1273 3090 etiam
1295 3015 1564 3088 venerabilibus

172 3143 257 3214 viris
276 3144 452 3238 magistris
475 3150 598 3233 Petro,
617 3142 877 3219 archidiacono
897 3142 1115 3234 Senoncnsi,
1135 3119 1296 3238 ejusdem
1313 3140 1455 3214 domini
1471 3165 1565 3239 pape

173 3269 383 3358 camerario,
404 3269 560 3341 berardo
576 3269 623 3342 de
642 3269 807 3368 Neapoli,
824 3268 1027 3366 Apostolice
1043 3268 1144 3340 Sedis
1162 3268 1319 3356 notario,
1336 3282 1372 3338 et
1387 3265 1562 3340 Gaulrido

173 3391 215 3464 de
231 3393 328 3466 Bello
346 3398 484 3485 Monte,
499 3373 712 3468 cancellario
733 3397 937 3491 Bajocensi,
961 3421 1004 3466 ac
1025 3393 1214 3466 nobilibus
1235 3394 1321 3484 viris
1335 3394 1495 3465 Henrico
1515 3392 1561 3464 de

176 3515 329 3605 SoliacO,
358 3518 519 3610 Barallo,
547 3519 699 3591 domino
731 3520 875 3606 Baucii‚
902 3519 1002 3614 regni
1032 3516 1151 3588 Sicilie
1184 3541 1315 3612 magno
1340 3515 1562 3623 justiciario,

171 3643 307 3712 loanne
330 3640 377 3712 de
400 3641 574 3726 Rresilva,
597 3641 759 3739 ejusdem
780 3641 879 3738 regni
905 3639 1129 3730 marescallo,
1152 3638 1327 3712 Gaulrido
1347 3638 1393 3710 de
1412 3637 1560 3710 Bourle·

171 3781 285 3854 mont,
301 3769 441 3837 Joenne
454 3766 499 3837 de
514 3766 685 3858 Clariaco,
699 3765 840 3838 allanto
852 3763 898 3838 de
910 3771 1123 3856 Tarascone,
1136 3762 1298 3860 ejusdem
1311 3761 1452 3834 domini
1467 3786 1563 3861 pape

171 3904 316 3986 nepote,
330 3887 464 3959 Milone
475 3888 522 3960 de
542 3889 700 3980 Galatas,
713 3888 904 3981 militibus,
921 3903 957 3961 et
972 3886 1150 3960 Leonavvlo
1165 3886 1209 3958 tle
1222 3886 1371 3978 Vertite,
1388 3886 1561 3958 cancella·

169 4016 217 4083 n'o
234 4015 449 4110 princpattts
471 4015 626 4102 Achaie;
655 4039 777 4088 mense
800 4015 907 4104 maii,
935 4015 1103 4086 vicesimo
1131 4014 1286 4114 septimo
1312 4011 1373 4085 die
1394 4013 1558 4111 ejusdem

170 4137 317 4228 mensis,
334 4141 376 4208 X.
394 4135 542 4227 Indice,
563 4163 661 4210 anno
678 4144 785 4209 Dom.
807 4141 1040 4227 Mcctxvln
1055 4135 1285 4236 pontificatus
1301 4136 1388 4208 verb
1406 4136 1562 4234 predicti

169 4259 308 4332 domini
326 4261 518 4334 Clementis
534 4287 627 4360 pape
647 4267 693 4334 lV
712 4286 810 4334 enno
830 4262 885 4356 iij,
904 4277 940 4333 et
961 4263 1063 4357 regni
1083 4262 1197 4333 nostri
1221 4285 1321 4332 anno
1341 4261 1364 4356 ij
1390 4259 1556 4332 feliciter.

170 4387 292 4455 Amen.
321 4389 453 4457 Datum
475 4409 541 4484 per
567 4409 716 4457 manum
743 4384 891 4457 Roberti
914 4384 960 4456 de
981 4389 1089 4475 Baro,
1117 4386 1217 4480 regni
1239 4383 1357 4457 Sicilie
1379 4398 1556 4481 protono·

171 4508 259 4578 larii.
281 4537 298 4572 n

217 4629 380 4702 Pendant
396 4655 468 4728 que
485 4631 646 4702 Bandoin
660 4636 692 4702 ll
709 4632 915 4729 parcourait
927 4629 1054 4702 l’ltalie
1069 4646 1105 4702 et
1117 4629 1152 4702 la
1167 4636 1303 4702 France
1320 4653 1415 4728 pour
1431 4631 1559 4726 queter

170 4751 230 4824 des
249 4778 395 4830 secours
416 4753 619 4826 d’lrommes
641 4768 677 4825 et
690 4752 866 4851 d'argent,
882 4779 919 4826 sa
938 4753 1087 4843 semme,
1101 4753 1210 4824 Maris
1225 4753 1271 4824 de
1290 4753 1461 4844 Brienne,
1473 4753 1559 4826 visi·

171 4879 231 4948 tait
248 4877 412 4974 l’Aragon
428 4893 463 4950 et
484 4878 518 4949 la
532 4878 672 4952 Castille
694 4905 790 4976 pour
812 4877 958 4952 obtenir
980 4879 1091 4967 aussi,
1113 4879 1218 4948 sinon
1242 4876 1305 4949 des
1326 4893 1486 4976 troupes,
1510 4904 1556 4950 au

170 5003 284 5073 moins
296 5001 446 5098 l'argent
459 5001 655 5074 necessaire
674 5029 770 5100 pour
786 5003 941 5074 delivrer
953 5027 1019 5075 son
1034 5002 1090 5074 fils
1105 5001 1269 5101 Plrilippe
1286 5004 1348 5076 des
1364 5006 1479 5084 mains
1494 5001 1558 5075 des

171 5125 368 5217 Venitiens,
390 5127 559 5226 ausquels
572 5127 710 5201 ilavait
727 5127 781 5200 (ite'
802 5127 924 5200 donne
945 5153 989 5200 en
1006 5153 1091 5224 gage
1111 5153 1259 5227 parson
1281 5128 1365 5228 pire
1387 5155 1480 5226 pour
1498 5133 1557 5202 sti·
