<?xml version="1.0" encoding="UTF-8"?>
<!DOCTYPE html PUBLIC "-//W3C//DTD XHTML 1.0 Transitional//EN"
    "http://www.w3.org/TR/xhtml1/DTD/xhtml1-transitional.dtd">
<html xmlns="http://www.w3.org/1999/xhtml" xml:lang="en" lang="en">
 <head>
  <title>
</title>
<meta http-equiv="Content-Type" content="text/html;charset=utf-8" />
  <meta name='ocr-system' content='tesseract 3.04.00' />
  <meta name='ocr-capabilities' content='ocr_page ocr_carea ocr_par ocr_line ocrx_word'/>
</head>
<body>
  <div class='ocr_page' id='page_1' title='image "./recherchesetmat00henrgoog_0047.png"; bbox 0 0 3914 6046; ppageno 0'>
   <div class='ocr_carea' id='block_1_1' title="bbox 334 596 1500 705">
    <p class='ocr_par' dir='ltr' id='par_1_1' title="bbox 334 596 1500 705">
     <span class='ocr_line' id='line_1_1' title="bbox 334 596 1500 705; baseline -0.001 -27"><span class='ocrx_word' id='word_1_1' title='bbox 334 605 374 680; x_wconf 81' lang='lat' dir='ltr'>as</span> <span class='ocrx_word' id='word_1_2' title='bbox 552 596 917 680; x_wconf 73' lang='lat' dir='ltr'>sonnacrssnnaus</span> <span class='ocrx_word' id='word_1_3' title='bbox 937 615 1015 678; x_wconf 84' lang='lat' dir='ltr'>sua</span> <span class='ocrx_word' id='word_1_4' title='bbox 1036 617 1085 678; x_wconf 79' lang='lat' dir='ltr'>m</span> <span class='ocrx_word' id='word_1_5' title='bbox 1106 597 1249 678; x_wconf 75' lang='lat' dir='ltr'>uonna</span> <span class='ocrx_word' id='word_1_6' title='bbox 1269 615 1500 705; x_wconf 70' lang='lat' dir='ltr'>ausaausa.</span> 
     </span>
    </p>
   </div>
   <div class='ocr_carea' id='block_1_2' title="bbox 333 739 1796 5192">
    <p class='ocr_par' dir='ltr' id='par_1_2' title="bbox 333 739 1796 5192">
     <span class='ocr_line' id='line_1_2' title="bbox 337 739 1724 837; baseline 0.003 -19"><span class='ocrx_word' id='word_1_7' title='bbox 337 763 452 822; x_wconf 89' lang='lat' dir='ltr'>vestro</span> <span class='ocrx_word' id='word_1_8' title='bbox 472 764 507 820; x_wconf 91' lang='lat' dir='ltr'>et</span> <span class='ocrx_word' id='word_1_9' title='bbox 523 748 699 821; x_wconf 89' lang='lat' dir='ltr'>heredum</span> <span class='ocrx_word' id='word_1_10' title='bbox 713 739 761 820; x_wconf 77' lang='lat' dir='ltr'>¹a&#39;c</span> <span class='ocrx_word' id='word_1_11' title='bbox 781 774 1028 821; x_wconf 88' lang='lat' dir='ltr'>suceessorum</span> <span class='ocrx_word' id='word_1_12' title='bbox 1049 764 1266 832; x_wconf 89' lang='lat' dir='ltr'>vestrorum,</span> <span class='ocrx_word' id='word_1_13' title='bbox 1285 747 1409 837; x_wconf 90' lang='lat' dir='ltr'>nobis,</span> <span class='ocrx_word' id='word_1_14' title='bbox 1425 749 1577 820; x_wconf 92' lang='lat' dir='ltr'>nomine</span> <span class='ocrx_word' id='word_1_15' title='bbox 1598 765 1724 822; x_wconf 91' lang='lat' dir='ltr'>nostro</span> 
     </span>
     <span class='ocr_line' id='line_1_3' title="bbox 334 868 1724 971; baseline 0 -27"><span class='ocrx_word' id='word_1_16' title='bbox 334 887 370 944; x_wconf 91' lang='lat' dir='ltr'>et</span> <span class='ocrx_word' id='word_1_17' title='bbox 388 887 594 944; x_wconf 91' lang='lat' dir='ltr'>nostrorum</span> <span class='ocrx_word' id='word_1_18' title='bbox 611 873 649 943; x_wconf 92' lang='lat' dir='ltr'>in</span> <span class='ocrx_word' id='word_1_19' title='bbox 667 897 778 968; x_wconf 83' lang='lat' dir='ltr'>regno</span> <span class='ocrx_word' id='word_1_20' title='bbox 791 872 908 944; x_wconf 86' lang='lat' dir='ltr'>Sicilie</span> <span class='ocrx_word' id='word_1_21' title='bbox 924 871 1100 944; x_wconf 85' lang='lat' dir='ltr'>heredum</span> <span class='ocrx_word' id='word_1_22' title='bbox 1117 868 1272 967; x_wconf 77' lang='lat' dir='ltr'>legitime</span> <span class='ocrx_word' id='word_1_23' title='bbox 1284 871 1559 970; x_wconf 83' lang='lat' dir='ltr'>stipulantibus,</span> <span class='ocrx_word' id='word_1_24' title='bbox 1572 874 1724 971; x_wconf 91' lang='lat' dir='ltr'>promit·</span> 
     </span>
     <span class='ocr_line' id='line_1_4' title="bbox 335 994 1725 1094; baseline 0.002 -28"><span class='ocrx_word' id='word_1_25' title='bbox 335 996 408 1067; x_wconf 93' lang='lat' dir='ltr'>titis</span> <span class='ocrx_word' id='word_1_26' title='bbox 421 995 618 1094; x_wconf 89' lang='lat' dir='ltr'>adimplere</span> <span class='ocrx_word' id='word_1_27' title='bbox 628 994 791 1094; x_wconf 73' lang='lat' dir='ltr'>plenarie</span> <span class='ocrx_word' id='word_1_28' title='bbox 803 1012 840 1068; x_wconf 91' lang='lat' dir='ltr'>et</span> <span class='ocrx_word' id='word_1_29' title='bbox 859 995 1111 1068; x_wconf 85' lang='lat' dir='ltr'>inviolabiliter</span> <span class='ocrx_word' id='word_1_30' title='bbox 1124 995 1325 1086; x_wconf 90' lang='lat' dir='ltr'>observare,</span> <span class='ocrx_word' id='word_1_31' title='bbox 1340 1020 1382 1068; x_wconf 91' lang='lat' dir='ltr'>ac</span> <span class='ocrx_word' id='word_1_32' title='bbox 1397 994 1495 1068; x_wconf 79' lang='lat' dir='ltr'>bona</span> <span class='ocrx_word' id='word_1_33' title='bbox 1513 994 1584 1067; x_wconf 85' lang='lat' dir='ltr'>fide</span> <span class='ocrx_word' id='word_1_34' title='bbox 1598 1021 1725 1069; x_wconf 90' lang='lat' dir='ltr'>curare</span> 
     </span>
     <span class='ocr_line' id='line_1_5' title="bbox 334 1116 1725 1216; baseline 0.002 -28"><span class='ocrx_word' id='word_1_35' title='bbox 334 1133 370 1188; x_wconf 92' lang='lat' dir='ltr'>et</span> <span class='ocrx_word' id='word_1_36' title='bbox 389 1118 504 1190; x_wconf 88' lang='lat' dir='ltr'>lacere</span> <span class='ocrx_word' id='word_1_37' title='bbox 517 1118 564 1190; x_wconf 89' lang='lat' dir='ltr'>ab</span> <span class='ocrx_word' id='word_1_38' title='bbox 581 1117 659 1190; x_wconf 90' lang='lat' dir='ltr'>aliis</span> <span class='ocrx_word' id='word_1_39' title='bbox 675 1116 881 1211; x_wconf 87' lang='lat' dir='ltr'>observari,</span> <span class='ocrx_word' id='word_1_40' title='bbox 895 1133 932 1190; x_wconf 91' lang='lat' dir='ltr'>et</span> <span class='ocrx_word' id='word_1_41' title='bbox 944 1135 1071 1191; x_wconf 89' lang='lat' dir='ltr'>contra</span> <span class='ocrx_word' id='word_1_42' title='bbox 1091 1143 1132 1191; x_wconf 89' lang='lat' dir='ltr'>ea</span> <span class='ocrx_word' id='word_1_43' title='bbox 1145 1118 1203 1190; x_wconf 83' lang='lat' dir='ltr'>vel</span> <span class='ocrx_word' id='word_1_44' title='bbox 1225 1143 1353 1190; x_wconf 90' lang='lat' dir='ltr'>eorum</span> <span class='ocrx_word' id='word_1_45' title='bbox 1374 1118 1535 1216; x_wconf 81' lang='lat' dir='ltr'>aliquod,</span> <span class='ocrx_word' id='word_1_46' title='bbox 1553 1120 1591 1190; x_wconf 92' lang='lat' dir='ltr'>in</span> <span class='ocrx_word' id='word_1_47' title='bbox 1607 1134 1725 1192; x_wconf 90' lang='lat' dir='ltr'>totum</span> 
     </span>
     <span class='ocr_line' id='line_1_6' title="bbox 334 1241 1723 1342; baseline 0.003 -30"><span class='ocrx_word' id='word_1_48' title='bbox 334 1242 391 1313; x_wconf 83' lang='lat' dir='ltr'>rel</span> <span class='ocrx_word' id='word_1_49' title='bbox 408 1243 445 1313; x_wconf 96' lang='lat' dir='ltr'>in</span> <span class='ocrx_word' id='word_1_50' title='bbox 465 1259 622 1340; x_wconf 91' lang='lat' dir='ltr'>partem,</span> <span class='ocrx_word' id='word_1_51' title='bbox 638 1267 705 1340; x_wconf 93' lang='lat' dir='ltr'>per</span> <span class='ocrx_word' id='word_1_52' title='bbox 726 1268 790 1314; x_wconf 87' lang='lat' dir='ltr'>vos</span> <span class='ocrx_word' id='word_1_53' title='bbox 808 1242 864 1316; x_wconf 87' lang='lat' dir='ltr'>vel</span> <span class='ocrx_word' id='word_1_54' title='bbox 886 1269 951 1342; x_wconf 88' lang='lat' dir='ltr'>per</span> <span class='ocrx_word' id='word_1_55' title='bbox 969 1243 1094 1332; x_wconf 91' lang='lat' dir='ltr'>alium,</span> <span class='ocrx_word' id='word_1_56' title='bbox 1115 1243 1218 1315; x_wconf 91' lang='lat' dir='ltr'>nullo</span> <span class='ocrx_word' id='word_1_57' title='bbox 1236 1241 1400 1340; x_wconf 76' lang='lat' dir='ltr'>unquam</span> <span class='ocrx_word' id='word_1_58' title='bbox 1422 1259 1602 1342; x_wconf 90' lang='lat' dir='ltr'>tempore,</span> <span class='ocrx_word' id='word_1_59' title='bbox 1617 1243 1723 1334; x_wconf 92' lang='lat' dir='ltr'>dolo,</span> 
     </span>
     <span class='ocr_line' id='line_1_7' title="bbox 334 1366 1726 1465; baseline 0.002 -29"><span class='ocrx_word' id='word_1_60' title='bbox 334 1366 476 1459; x_wconf 88' lang='lat' dir='ltr'>lraude,</span> <span class='ocrx_word' id='word_1_61' title='bbox 492 1368 652 1463; x_wconf 83' lang='lat' dir='ltr'>ingenio,</span> <span class='ocrx_word' id='word_1_62' title='bbox 669 1381 745 1438; x_wconf 90' lang='lat' dir='ltr'>arte</span> <span class='ocrx_word' id='word_1_63' title='bbox 764 1366 821 1439; x_wconf 88' lang='lat' dir='ltr'>vel</span> <span class='ocrx_word' id='word_1_64' title='bbox 835 1367 1102 1440; x_wconf 81' lang='lat' dir='ltr'>machinatione</span> <span class='ocrx_word' id='word_1_65' title='bbox 1117 1368 1251 1439; x_wconf 88' lang='lat' dir='ltr'>venire.</span> <span class='ocrx_word' id='word_1_66' title='bbox 1272 1366 1481 1464; x_wconf 80' lang='lat' dir='ltr'>specialiter</span> <span class='ocrx_word' id='word_1_67' title='bbox 1502 1381 1622 1438; x_wconf 88' lang='lat' dir='ltr'>autem</span> <span class='ocrx_word' id='word_1_68' title='bbox 1638 1391 1726 1465; x_wconf 85' lang='lat' dir='ltr'>pro-</span> 
     </span>
     <span class='ocr_line' id='line_1_8' title="bbox 334 1491 1725 1589; baseline 0.003 -27"><span class='ocrx_word' id='word_1_69' title='bbox 334 1491 474 1563; x_wconf 86' lang='lat' dir='ltr'>mittitis</span> <span class='ocrx_word' id='word_1_70' title='bbox 490 1517 554 1564; x_wconf 85' lang='lat' dir='ltr'>vos</span> <span class='ocrx_word' id='word_1_71' title='bbox 567 1506 755 1564; x_wconf 90' lang='lat' dir='ltr'>curaturos</span> <span class='ocrx_word' id='word_1_72' title='bbox 771 1516 814 1564; x_wconf 89' lang='lat' dir='ltr'>ac</span> <span class='ocrx_word' id='word_1_73' title='bbox 830 1492 988 1565; x_wconf 80' lang='lat' dir='ltr'>facturos</span> <span class='ocrx_word' id='word_1_74' title='bbox 1005 1491 1103 1565; x_wconf 76' lang='lat' dir='ltr'>bona</span> <span class='ocrx_word' id='word_1_75' title='bbox 1119 1491 1207 1582; x_wconf 88' lang='lat' dir='ltr'>fide,</span> <span class='ocrx_word' id='word_1_76' title='bbox 1221 1492 1322 1589; x_wconf 82' lang='lat' dir='ltr'>q&#39;ubd</span> <span class='ocrx_word' id='word_1_77' title='bbox 1335 1492 1560 1570; x_wconf 86' lang='lat' dir='ltr'>serenissima</span> <span class='ocrx_word' id='word_1_78' title='bbox 1574 1491 1725 1566; x_wconf 90' lang='lat' dir='ltr'>domina</span> 
     </span>
     <span class='ocr_line' id='line_1_9' title="bbox 333 1591 1727 1715; baseline 0.002 -28"><span class='ocrx_word' id='word_1_79' title='bbox 333 1591 541 1715; x_wconf 81' lang='lat' dir='ltr'>imperatrix</span> <span class='ocrx_word' id='word_1_80' title='bbox 554 1617 971 1715; x_wconf 79' lang='lat' dir='ltr'>Constantinopolitano,</span> <span class='ocrx_word' id='word_1_81' title='bbox 994 1623 1142 1690; x_wconf 87' lang='lat' dir='ltr'>consors</span> <span class='ocrx_word' id='word_1_82' title='bbox 1164 1633 1295 1706; x_wconf 84' lang='lat' dir='ltr'>vestra,</span> <span class='ocrx_word' id='word_1_83' title='bbox 1316 1618 1358 1688; x_wconf 93' lang='lat' dir='ltr'>iis</span> <span class='ocrx_word' id='word_1_84' title='bbox 1377 1615 1549 1688; x_wconf 91' lang='lat' dir='ltr'>omnibus</span> <span class='ocrx_word' id='word_1_85' title='bbox 1565 1615 1727 1714; x_wconf 73' lang='lat' dir='ltr'>expresse</span> 
     </span>
     <span class='ocr_line' id='line_1_10' title="bbox 335 1740 1728 1839; baseline 0.002 -28"><span class='ocrx_word' id='word_1_86' title='bbox 335 1743 552 1832; x_wconf 86' lang='lat' dir='ltr'>consentiet,</span> <span class='ocrx_word' id='word_1_87' title='bbox 571 1758 607 1813; x_wconf 93' lang='lat' dir='ltr'>et</span> <span class='ocrx_word' id='word_1_88' title='bbox 622 1740 909 1839; x_wconf 85' lang='lat' dir='ltr'>hypothecarum</span> <span class='ocrx_word' id='word_1_89' title='bbox 927 1742 1001 1838; x_wconf 91' lang='lat' dir='ltr'>jus,</span> <span class='ocrx_word' id='word_1_90' title='bbox 1025 1767 1087 1814; x_wconf 90' lang='lat' dir='ltr'>seu</span> <span class='ocrx_word' id='word_1_91' title='bbox 1107 1742 1366 1839; x_wconf 90' lang='lat' dir='ltr'>quodcumque</span> <span class='ocrx_word' id='word_1_92' title='bbox 1385 1741 1485 1814; x_wconf 89' lang='lat' dir='ltr'>aliud</span> <span class='ocrx_word' id='word_1_93' title='bbox 1503 1742 1540 1812; x_wconf 93' lang='lat' dir='ltr'>in</span> <span class='ocrx_word' id='word_1_94' title='bbox 1555 1742 1728 1839; x_wconf 89' lang='lat' dir='ltr'>predictis</span> 
     </span>
     <span class='ocr_line' id='line_1_11' title="bbox 335 1863 1728 1962; baseline 0.002 -28"><span class='ocrx_word' id='word_1_95' title='bbox 335 1864 444 1936; x_wconf 91' lang='lat' dir='ltr'>rebus</span> <span class='ocrx_word' id='word_1_96' title='bbox 455 1865 524 1936; x_wconf 92' lang='lat' dir='ltr'>sibi</span> <span class='ocrx_word' id='word_1_97' title='bbox 540 1865 713 1962; x_wconf 89' lang='lat' dir='ltr'>competit</span> <span class='ocrx_word' id='word_1_98' title='bbox 725 1864 920 1957; x_wconf 82' lang='lat' dir='ltr'>absolvere,</span> <span class='ocrx_word' id='word_1_99' title='bbox 935 1867 1103 1956; x_wconf 88' lang='lat' dir='ltr'>remittet,</span> <span class='ocrx_word' id='word_1_100' title='bbox 1117 1881 1153 1937; x_wconf 93' lang='lat' dir='ltr'>et</span> <span class='ocrx_word' id='word_1_101' title='bbox 1162 1865 1300 1961; x_wconf 88' lang='lat' dir='ltr'>jurabit</span> <span class='ocrx_word' id='word_1_102' title='bbox 1308 1889 1345 1936; x_wconf 88' lang='lat' dir='ltr'>se</span> <span class='ocrx_word' id='word_1_103' title='bbox 1356 1864 1458 1936; x_wconf 93' lang='lat' dir='ltr'>nullo</span> <span class='ocrx_word' id='word_1_104' title='bbox 1468 1863 1629 1961; x_wconf 75' lang='lat' dir='ltr'>unquam</span> <span class='ocrx_word' id='word_1_105' title='bbox 1641 1880 1728 1936; x_wconf 90' lang='lat' dir='ltr'>tem·</span> 
     </span>
     <span class='ocr_line' id='line_1_12' title="bbox 334 1988 1726 2087; baseline 0.001 -27"><span class='ocrx_word' id='word_1_106' title='bbox 334 2014 425 2086; x_wconf 88' lang='lat' dir='ltr'>pore</span> <span class='ocrx_word' id='word_1_107' title='bbox 435 2006 563 2061; x_wconf 90' lang='lat' dir='ltr'>contra</span> <span class='ocrx_word' id='word_1_108' title='bbox 578 1989 637 2062; x_wconf 89' lang='lat' dir='ltr'>illa</span> <span class='ocrx_word' id='word_1_109' title='bbox 650 1989 706 2061; x_wconf 88' lang='lat' dir='ltr'>vel</span> <span class='ocrx_word' id='word_1_110' title='bbox 721 1989 867 2061; x_wconf 91' lang='lat' dir='ltr'>illorum</span> <span class='ocrx_word' id='word_1_111' title='bbox 882 1988 1042 2086; x_wconf 84' lang='lat' dir='ltr'>aliquod,</span> <span class='ocrx_word' id='word_1_112' title='bbox 1057 2014 1170 2087; x_wconf 89' lang='lat' dir='ltr'>perse</span> <span class='ocrx_word' id='word_1_113' title='bbox 1183 1988 1239 2061; x_wconf 88' lang='lat' dir='ltr'>vel</span> <span class='ocrx_word' id='word_1_114' title='bbox 1252 1989 1453 2087; x_wconf 86' lang='lat' dir='ltr'>paralium,</span> <span class='ocrx_word' id='word_1_115' title='bbox 1467 1988 1568 2078; x_wconf 88' lang='lat' dir='ltr'>dolo,</span> <span class='ocrx_word' id='word_1_116' title='bbox 1583 1989 1726 2076; x_wconf 80' lang='lat' dir='ltr'>fraude,</span> 
     </span>
     <span class='ocr_line' id='line_1_13' title="bbox 336 2095 1726 2211; baseline 0 -28"><span class='ocrx_word' id='word_1_117' title='bbox 336 2127 426 2202; x_wconf 88' lang='lat' dir='ltr'>arte,</span> <span class='ocrx_word' id='word_1_118' title='bbox 446 2113 607 2208; x_wconf 81' lang='lat' dir='ltr'>ingenie,</span> <span class='ocrx_word' id='word_1_119' title='bbox 624 2112 682 2183; x_wconf 85' lang='lat' dir='ltr'>vel</span> <span class='ocrx_word' id='word_1_120' title='bbox 699 2111 969 2184; x_wconf 85' lang='lat' dir='ltr'>machinatione</span> <span class='ocrx_word' id='word_1_121' title='bbox 985 2128 1189 2203; x_wconf 88' lang='lat' dir='ltr'>venturam,</span> <span class='ocrx_word' id='word_1_122' title='bbox 1209 2095 1291 2184; x_wconf 78' lang='lat' dir='ltr'>suas</span> <span class='ocrx_word' id='word_1_123' title='bbox 1308 2137 1417 2210; x_wconf 89' lang='lat' dir='ltr'>super</span> <span class='ocrx_word' id='word_1_124' title='bbox 1435 2113 1477 2185; x_wconf 93' lang='lat' dir='ltr'>iis</span> <span class='ocrx_word' id='word_1_125' title='bbox 1491 2127 1652 2211; x_wconf 90' lang='lat' dir='ltr'>patentes</span> <span class='ocrx_word' id='word_1_126' title='bbox 1668 2112 1726 2184; x_wconf 89' lang='lat' dir='ltr'>lit·</span> 
     </span>
     <span class='ocr_line' id='line_1_14' title="bbox 336 2235 1727 2336; baseline 0.001 -28"><span class='ocrx_word' id='word_1_127' title='bbox 336 2252 428 2310; x_wconf 89' lang='lat' dir='ltr'>teras</span> <span class='ocrx_word' id='word_1_128' title='bbox 449 2235 706 2310; x_wconf 69' lang='lat' dir='ltr'>concedendo:</span> <span class='ocrx_word' id='word_1_129' title='bbox 721 2237 945 2308; x_wconf 86' lang='lat' dir='ltr'>Renuntiatis</span> <span class='ocrx_word' id='word_1_130' title='bbox 966 2238 1113 2336; x_wconf 92' lang='lat' dir='ltr'>insuper</span> <span class='ocrx_word' id='word_1_131' title='bbox 1131 2262 1174 2308; x_wconf 85' lang='lat' dir='ltr'>ex</span> <span class='ocrx_word' id='word_1_132' title='bbox 1191 2241 1289 2309; x_wconf 74' lang='lat' dir='ltr'>certa</span> <span class='ocrx_word' id='word_1_133' title='bbox 1305 2239 1453 2309; x_wconf 72' lang='lat' dir='ltr'>seientia</span> <span class='ocrx_word' id='word_1_134' title='bbox 1472 2237 1674 2336; x_wconf 85' lang='lat' dir='ltr'>specialiter</span> <span class='ocrx_word' id='word_1_135' title='bbox 1691 2251 1727 2310; x_wconf 95' lang='lat' dir='ltr'>et</span> 
     </span>
     <span class='ocr_line' id='line_1_15' title="bbox 335 2358 1725 2460; baseline 0 -28"><span class='ocrx_word' id='word_1_136' title='bbox 335 2358 500 2459; x_wconf 73' lang='lat' dir='ltr'>expresse</span> <span class='ocrx_word' id='word_1_137' title='bbox 525 2362 727 2460; x_wconf 88' lang='lat' dir='ltr'>exceptioni</span> <span class='ocrx_word' id='word_1_138' title='bbox 745 2359 819 2432; x_wconf 92' lang='lat' dir='ltr'>doli</span> <span class='ocrx_word' id='word_1_139' title='bbox 839 2375 877 2432; x_wconf 89' lang='lat' dir='ltr'>et</span> <span class='ocrx_word' id='word_1_140' title='bbox 898 2361 1072 2433; x_wconf 91' lang='lat' dir='ltr'>omnibus</span> <span class='ocrx_word' id='word_1_141' title='bbox 1092 2360 1169 2433; x_wconf 87' lang='lat' dir='ltr'>aliis</span> <span class='ocrx_word' id='word_1_142' title='bbox 1188 2361 1483 2460; x_wconf 88' lang='lat' dir='ltr'>quibuscumque</span> <span class='ocrx_word' id='word_1_143' title='bbox 1505 2362 1725 2460; x_wconf 84' lang='lat' dir='ltr'>exceptioni-</span> 
     </span>
     <span class='ocr_line' id='line_1_16' title="bbox 334 2482 1726 2583; baseline -0.001 -27"><span class='ocrx_word' id='word_1_144' title='bbox 334 2483 423 2574; x_wconf 73' lang='lat' dir='ltr'>buS,</span> <span class='ocrx_word' id='word_1_145' title='bbox 449 2501 485 2556; x_wconf 91' lang='lat' dir='ltr'>et</span> <span class='ocrx_word' id='word_1_146' title='bbox 499 2483 700 2583; x_wconf 88' lang='lat' dir='ltr'>specialiter</span> <span class='ocrx_word' id='word_1_147' title='bbox 721 2483 901 2556; x_wconf 86' lang='lat' dir='ltr'>beneficio</span> <span class='ocrx_word' id='word_1_148' title='bbox 920 2501 957 2556; x_wconf 90' lang='lat' dir='ltr'>et</span> <span class='ocrx_word' id='word_1_149' title='bbox 971 2485 1105 2556; x_wconf 86' lang='lat' dir='ltr'>auxilio</span> <span class='ocrx_word' id='word_1_150' title='bbox 1121 2485 1391 2556; x_wconf 88' lang='lat' dir='ltr'>constitutionis</span> <span class='ocrx_word' id='word_1_151' title='bbox 1404 2483 1498 2556; x_wconf 90' lang='lat' dir='ltr'>illius</span> <span class='ocrx_word' id='word_1_152' title='bbox 1513 2509 1585 2581; x_wconf 87' lang='lat' dir='ltr'>que</span> <span class='ocrx_word' id='word_1_153' title='bbox 1600 2482 1726 2581; x_wconf 93' lang='lat' dir='ltr'>prohi-</span> 
     </span>
     <span class='ocr_line' id='line_1_17' title="bbox 335 2607 1724 2707; baseline 0 -27"><span class='ocrx_word' id='word_1_154' title='bbox 335 2607 399 2680; x_wconf 88' lang='lat' dir='ltr'>bet</span> <span class='ocrx_word' id='word_1_155' title='bbox 423 2611 681 2707; x_wconf 89' lang='lat' dir='ltr'>possessionem</span> <span class='ocrx_word' id='word_1_156' title='bbox 703 2609 851 2707; x_wconf 79' lang='lat' dir='ltr'>propria</span> <span class='ocrx_word' id='word_1_157' title='bbox 878 2610 1091 2682; x_wconf 88' lang='lat' dir='ltr'>auctoritate</span> <span class='ocrx_word' id='word_1_158' title='bbox 1117 2609 1275 2700; x_wconf 88' lang='lat' dir='ltr'>intrare,</span> <span class='ocrx_word' id='word_1_159' title='bbox 1300 2609 1506 2706; x_wconf 85' lang='lat' dir='ltr'>acquirere,</span> <span class='ocrx_word' id='word_1_160' title='bbox 1525 2633 1589 2680; x_wconf 88' lang='lat' dir='ltr'>seu</span> <span class='ocrx_word' id='word_1_161' title='bbox 1614 2609 1724 2680; x_wconf 90' lang='lat' dir='ltr'>ctiam</span> 
     </span>
     <span class='ocr_line' id='line_1_18' title="bbox 335 2727 1724 2832; baseline -0.001 -26"><span class='ocrx_word' id='word_1_162' title='bbox 335 2733 505 2832; x_wconf 87' lang='lat' dir='ltr'>adipisci,</span> <span class='ocrx_word' id='word_1_163' title='bbox 523 2750 559 2806; x_wconf 90' lang='lat' dir='ltr'>et</span> <span class='ocrx_word' id='word_1_164' title='bbox 572 2735 673 2806; x_wconf 92' lang='lat' dir='ltr'>omni</span> <span class='ocrx_word' id='word_1_165' title='bbox 688 2732 880 2830; x_wconf 86' lang='lat' dir='ltr'>cujuslibet</span> <span class='ocrx_word' id='word_1_166' title='bbox 897 2727 1044 2806; x_wconf 78' lang='lat' dir='ltr'>alterius</span> <span class='ocrx_word' id='word_1_167' title='bbox 1060 2735 1327 2806; x_wconf 87' lang='lat' dir='ltr'>constitutionis</span> <span class='ocrx_word' id='word_1_168' title='bbox 1343 2733 1433 2830; x_wconf 90' lang='lat' dir='ltr'>juris</span> <span class='ocrx_word' id='word_1_169' title='bbox 1451 2734 1576 2831; x_wconf 90' lang='lat' dir='ltr'>scripti</span> <span class='ocrx_word' id='word_1_170' title='bbox 1594 2747 1630 2805; x_wconf 92' lang='lat' dir='ltr'>et</span> <span class='ocrx_word' id='word_1_171' title='bbox 1646 2757 1724 2805; x_wconf 87' lang='lat' dir='ltr'>non</span> 
     </span>
     <span class='ocr_line' id='line_1_19' title="bbox 335 2839 1729 2956; baseline 0 -29"><span class='ocrx_word' id='word_1_172' title='bbox 335 2858 477 2954; x_wconf 87' lang='lat' dir='ltr'>scripti,</span> <span class='ocrx_word' id='word_1_173' title='bbox 494 2857 656 2956; x_wconf 90' lang='lat' dir='ltr'>specialis</span> <span class='ocrx_word' id='word_1_174' title='bbox 669 2871 704 2929; x_wconf 90' lang='lat' dir='ltr'>et</span> <span class='ocrx_word' id='word_1_175' title='bbox 717 2856 901 2953; x_wconf 85' lang='lat' dir='ltr'>generalis,</span> <span class='ocrx_word' id='word_1_176' title='bbox 915 2856 1064 2949; x_wconf 79' lang='lat' dir='ltr'>auxilio,</span> <span class='ocrx_word' id='word_1_177' title='bbox 1079 2882 1145 2956; x_wconf 87' lang='lat' dir='ltr'>per</span> <span class='ocrx_word' id='word_1_178' title='bbox 1160 2883 1232 2955; x_wconf 89' lang='lat' dir='ltr'>que</span> <span class='ocrx_word' id='word_1_179' title='bbox 1243 2839 1301 2929; x_wconf 88' lang='lat' dir='ltr'>vel</span> <span class='ocrx_word' id='word_1_180' title='bbox 1312 2881 1471 2956; x_wconf 90' lang='lat' dir='ltr'>quorum</span> <span class='ocrx_word' id='word_1_181' title='bbox 1482 2856 1632 2954; x_wconf 90' lang='lat' dir='ltr'>aliquod</span> <span class='ocrx_word' id='word_1_182' title='bbox 1645 2882 1729 2956; x_wconf 90' lang='lat' dir='ltr'>pre-</span> 
     </span>
     <span class='ocr_line' id='line_1_20' title="bbox 336 2979 1728 3080; baseline 0.002 -32"><span class='ocrx_word' id='word_1_183' title='bbox 336 2979 465 3068; x_wconf 86' lang='lat' dir='ltr'>missa,</span> <span class='ocrx_word' id='word_1_184' title='bbox 488 2980 543 3050; x_wconf 89' lang='lat' dir='ltr'>vel</span> <span class='ocrx_word' id='word_1_185' title='bbox 562 2979 711 3078; x_wconf 90' lang='lat' dir='ltr'>aliquod</span> <span class='ocrx_word' id='word_1_186' title='bbox 732 2981 990 3078; x_wconf 86' lang='lat' dir='ltr'>premissorum</span> <span class='ocrx_word' id='word_1_187' title='bbox 1014 2983 1176 3053; x_wconf 89' lang='lat' dir='ltr'>revocari</span> <span class='ocrx_word' id='word_1_188' title='bbox 1197 2997 1360 3080; x_wconf 85' lang='lat' dir='ltr'>possent,</span> <span class='ocrx_word' id='word_1_189' title='bbox 1380 2980 1437 3053; x_wconf 87' lang='lat' dir='ltr'>vel</span> <span class='ocrx_word' id='word_1_190' title='bbox 1459 2981 1643 3078; x_wconf 89' lang='lat' dir='ltr'>impediri,</span> <span class='ocrx_word' id='word_1_191' title='bbox 1664 2995 1728 3052; x_wconf 87' lang='lat' dir='ltr'>aut</span> 
     </span>
     <span class='ocr_line' id='line_1_21' title="bbox 336 3103 1727 3202; baseline 0.002 -30"><span class='ocrx_word' id='word_1_192' title='bbox 336 3103 614 3199; x_wconf 90' lang='lat' dir='ltr'>quomodolibet</span> <span class='ocrx_word' id='word_1_193' title='bbox 629 3106 848 3202; x_wconf 86' lang='lat' dir='ltr'>impugnari,</span> <span class='ocrx_word' id='word_1_194' title='bbox 862 3118 898 3176; x_wconf 87' lang='lat' dir='ltr'>et</span> <span class='ocrx_word' id='word_1_195' title='bbox 912 3104 1112 3202; x_wconf 88' lang='lat' dir='ltr'>specialiter</span> <span class='ocrx_word' id='word_1_196' title='bbox 1126 3105 1306 3176; x_wconf 83' lang='lat' dir='ltr'>beneficio</span> <span class='ocrx_word' id='word_1_197' title='bbox 1326 3105 1561 3177; x_wconf 90' lang='lat' dir='ltr'>restitutionis</span> <span class='ocrx_word' id='word_1_198' title='bbox 1575 3106 1613 3176; x_wconf 92' lang='lat' dir='ltr'>in</span> <span class='ocrx_word' id='word_1_199' title='bbox 1633 3105 1727 3175; x_wconf 88' lang='lat' dir='ltr'>inte·</span> 
     </span>
     <span class='ocr_line' id='line_1_22' title="bbox 335 3229 1728 3330; baseline 0.001 -32"><span class='ocrx_word' id='word_1_200' title='bbox 335 3253 457 3324; x_wconf 87' lang='lat' dir='ltr'>grum,</span> <span class='ocrx_word' id='word_1_201' title='bbox 471 3230 614 3328; x_wconf 91' lang='lat' dir='ltr'>siquod</span> <span class='ocrx_word' id='word_1_202' title='bbox 630 3245 748 3302; x_wconf 74' lang='lat' dir='ltr'>vestro</span> <span class='ocrx_word' id='word_1_203' title='bbox 761 3230 817 3302; x_wconf 83' lang='lat' dir='ltr'>vel</span> <span class='ocrx_word' id='word_1_204' title='bbox 832 3232 884 3302; x_wconf 91' lang='lat' dir='ltr'>rei</span> <span class='ocrx_word' id='word_1_205' title='bbox 901 3229 1047 3329; x_wconf 90' lang='lat' dir='ltr'>publice</span> <span class='ocrx_word' id='word_1_206' title='bbox 1060 3229 1148 3304; x_wconf 90' lang='lat' dir='ltr'>dicti</span> <span class='ocrx_word' id='word_1_207' title='bbox 1163 3231 1322 3330; x_wconf 90' lang='lat' dir='ltr'>imperii,</span> <span class='ocrx_word' id='word_1_208' title='bbox 1337 3229 1394 3302; x_wconf 87' lang='lat' dir='ltr'>vel</span> <span class='ocrx_word' id='word_1_209' title='bbox 1408 3255 1642 3327; x_wconf 88' lang='lat' dir='ltr'>quocumque</span> <span class='ocrx_word' id='word_1_210' title='bbox 1655 3229 1728 3302; x_wconf 92' lang='lat' dir='ltr'>alio</span> 
     </span>
     <span class='ocr_line' id='line_1_23' title="bbox 335 3353 1728 3452; baseline 0.001 -30"><span class='ocrx_word' id='word_1_211' title='bbox 335 3355 487 3424; x_wconf 89' lang='lat' dir='ltr'>nomine</span> <span class='ocrx_word' id='word_1_212' title='bbox 499 3370 618 3451; x_wconf 90' lang='lat' dir='ltr'>posset</span> <span class='ocrx_word' id='word_1_213' title='bbox 631 3353 908 3451; x_wconf 90' lang='lat' dir='ltr'>quomodolibet</span> <span class='ocrx_word' id='word_1_214' title='bbox 922 3354 1121 3452; x_wconf 87' lang='lat' dir='ltr'>implorari.</span> <span class='ocrx_word' id='word_1_215' title='bbox 1142 3353 1366 3426; x_wconf 84' lang='lat' dir='ltr'>Renuntiatis</span> <span class='ocrx_word' id='word_1_216' title='bbox 1378 3355 1487 3426; x_wconf 89' lang='lat' dir='ltr'>etiam</span> <span class='ocrx_word' id='word_1_217' title='bbox 1500 3353 1728 3449; x_wconf 87' lang='lat' dir='ltr'>singulariter</span> 
     </span>
     <span class='ocr_line' id='line_1_24' title="bbox 336 3474 1729 3577; baseline 0.004 -32"><span class='ocrx_word' id='word_1_218' title='bbox 336 3490 373 3546; x_wconf 93' lang='lat' dir='ltr'>et</span> <span class='ocrx_word' id='word_1_219' title='bbox 385 3474 549 3575; x_wconf 71' lang='lat' dir='ltr'>expresse</span> <span class='ocrx_word' id='word_1_220' title='bbox 564 3481 665 3549; x_wconf 93' lang='lat' dir='ltr'>omni</span> <span class='ocrx_word' id='word_1_221' title='bbox 679 3479 822 3570; x_wconf 80' lang='lat' dir='ltr'>auxili0,</span> <span class='ocrx_word' id='word_1_222' title='bbox 837 3481 866 3551; x_wconf 89' lang='lat' dir='ltr'>si</span> <span class='ocrx_word' id='word_1_223' title='bbox 882 3479 981 3576; x_wconf 92' lang='lat' dir='ltr'>quod</span> <span class='ocrx_word' id='word_1_224' title='bbox 994 3479 1098 3550; x_wconf 90' lang='lat' dir='ltr'>vobis</span> <span class='ocrx_word' id='word_1_225' title='bbox 1110 3480 1308 3577; x_wconf 85' lang='lat' dir='ltr'>vestrisque</span> <span class='ocrx_word' id='word_1_226' title='bbox 1320 3478 1587 3550; x_wconf 88' lang='lat' dir='ltr'>successoribus</span> <span class='ocrx_word' id='word_1_227' title='bbox 1600 3494 1729 3551; x_wconf 90' lang='lat' dir='ltr'>contra</span> 
     </span>
     <span class='ocr_line' id='line_1_25' title="bbox 336 3601 1725 3700; baseline 0.001 -29"><span class='ocrx_word' id='word_1_228' title='bbox 336 3601 498 3698; x_wconf 88' lang='lat' dir='ltr'>predicta</span> <span class='ocrx_word' id='word_1_229' title='bbox 511 3617 632 3700; x_wconf 86' lang='lat' dir='ltr'>posset</span> <span class='ocrx_word' id='word_1_230' title='bbox 648 3627 688 3673; x_wconf 86' lang='lat' dir='ltr'>ex</span> <span class='ocrx_word' id='word_1_231' title='bbox 705 3627 748 3673; x_wconf 89' lang='lat' dir='ltr'>eo</span> <span class='ocrx_word' id='word_1_232' title='bbox 767 3619 991 3700; x_wconf 86' lang='lat' dir='ltr'>competere,</span> <span class='ocrx_word' id='word_1_233' title='bbox 1006 3601 1106 3699; x_wconf 85' lang='lat' dir='ltr'>qubd</span> <span class='ocrx_word' id='word_1_234' title='bbox 1125 3604 1163 3674; x_wconf 93' lang='lat' dir='ltr'>in</span> <span class='ocrx_word' id='word_1_235' title='bbox 1183 3603 1268 3699; x_wconf 92' lang='lat' dir='ltr'>ipsis</span> <span class='ocrx_word' id='word_1_236' title='bbox 1281 3603 1505 3700; x_wconf 87' lang='lat' dir='ltr'>principum,</span> <span class='ocrx_word' id='word_1_237' title='bbox 1527 3603 1725 3685; x_wconf 92' lang='lat' dir='ltr'>baronum,</span> 
     </span>
     <span class='ocr_line' id='line_1_26' title="bbox 335 3725 1726 3823; baseline -0.001 -27"><span class='ocrx_word' id='word_1_238' title='bbox 335 3750 398 3796; x_wconf 85' lang='lat' dir='ltr'>scu</span> <span class='ocrx_word' id='word_1_239' title='bbox 426 3741 636 3820; x_wconf 82' lang='lat' dir='ltr'>magnatum</span> <span class='ocrx_word' id='word_1_240' title='bbox 662 3725 824 3820; x_wconf 84' lang='lat' dir='ltr'>ejusdem</span> <span class='ocrx_word' id='word_1_241' title='bbox 851 3727 1014 3823; x_wconf 88' lang='lat' dir='ltr'>imperii,</span> <span class='ocrx_word' id='word_1_242' title='bbox 1042 3749 1110 3796; x_wconf 90' lang='lat' dir='ltr'>nec</span> <span class='ocrx_word' id='word_1_243' title='bbox 1137 3725 1204 3796; x_wconf 88' lang='lat' dir='ltr'>luit</span> <span class='ocrx_word' id='word_1_244' title='bbox 1226 3725 1417 3821; x_wconf 90' lang='lat' dir='ltr'>requisitus</span> <span class='ocrx_word' id='word_1_245' title='bbox 1444 3751 1512 3796; x_wconf 87' lang='lat' dir='ltr'>nee</span> <span class='ocrx_word' id='word_1_246' title='bbox 1534 3725 1726 3796; x_wconf 80' lang='lat' dir='ltr'>intervenit</span> 
     </span>
     <span class='ocr_line' id='line_1_27' title="bbox 336 3847 1729 3947; baseline 0.001 -29"><span class='ocrx_word' id='word_1_247' title='bbox 336 3873 517 3937; x_wconf 87' lang='lat' dir='ltr'>assensus,</span> <span class='ocrx_word' id='word_1_248' title='bbox 543 3874 606 3921; x_wconf 87' lang='lat' dir='ltr'>seu</span> <span class='ocrx_word' id='word_1_249' title='bbox 629 3849 730 3947; x_wconf 80' lang='lat' dir='ltr'>quod</span> <span class='ocrx_word' id='word_1_250' title='bbox 754 3849 873 3937; x_wconf 91' lang='lat' dir='ltr'>nobis,</span> <span class='ocrx_word' id='word_1_251' title='bbox 899 3849 957 3920; x_wconf 89' lang='lat' dir='ltr'>vel</span> <span class='ocrx_word' id='word_1_252' title='bbox 978 3848 1150 3946; x_wconf 88' lang='lat' dir='ltr'>predictis</span> <span class='ocrx_word' id='word_1_253' title='bbox 1173 3853 1304 3921; x_wconf 88' lang='lat' dir='ltr'>nostris</span> <span class='ocrx_word' id='word_1_254' title='bbox 1328 3847 1546 3938; x_wconf 89' lang='lat' dir='ltr'>heredibus,</span> <span class='ocrx_word' id='word_1_255' title='bbox 1571 3873 1646 3920; x_wconf 94' lang='lat' dir='ltr'>non</span> <span class='ocrx_word' id='word_1_256' title='bbox 1673 3863 1729 3920; x_wconf 87' lang='lat' dir='ltr'>est</span> 
     </span>
     <span class='ocr_line' id='line_1_28' title="bbox 336 3970 1727 4069; baseline -0.002 -25"><span class='ocrx_word' id='word_1_257' title='bbox 336 3971 429 4044; x_wconf 85' lang='lat' dir='ltr'>lacta</span> <span class='ocrx_word' id='word_1_258' title='bbox 446 3971 643 4069; x_wconf 89' lang='lat' dir='ltr'>corporalis</span> <span class='ocrx_word' id='word_1_259' title='bbox 667 3971 812 4044; x_wconf 89' lang='lat' dir='ltr'>traditio</span> <span class='ocrx_word' id='word_1_260' title='bbox 829 3971 1092 4069; x_wconf 87' lang='lat' dir='ltr'>predictorum.</span> <span class='ocrx_word' id='word_1_261' title='bbox 1111 3976 1179 4042; x_wconf 90' lang='lat' dir='ltr'>Pro</span> <span class='ocrx_word' id='word_1_262' title='bbox 1202 3972 1245 4043; x_wconf 93' lang='lat' dir='ltr'>iis</span> <span class='ocrx_word' id='word_1_263' title='bbox 1267 3986 1389 4042; x_wconf 90' lang='lat' dir='ltr'>autem</span> <span class='ocrx_word' id='word_1_264' title='bbox 1405 3970 1577 4042; x_wconf 89' lang='lat' dir='ltr'>omnibus</span> <span class='ocrx_word' id='word_1_265' title='bbox 1595 3985 1631 4042; x_wconf 89' lang='lat' dir='ltr'>et</span> <span class='ocrx_word' id='word_1_266' title='bbox 1650 3971 1727 4042; x_wconf 88' lang='lat' dir='ltr'>sin·</span> 
     </span>
     <span class='ocr_line' id='line_1_29' title="bbox 335 4093 1728 4195; baseline -0.003 -27"><span class='ocrx_word' id='word_1_267' title='bbox 335 4096 442 4193; x_wconf 82' lang='lat' dir='ltr'>gulis,</span> <span class='ocrx_word' id='word_1_268' title='bbox 461 4112 502 4168; x_wconf 94' lang='lat' dir='ltr'>ut</span> <span class='ocrx_word' id='word_1_269' title='bbox 516 4098 749 4194; x_wconf 88' lang='lat' dir='ltr'>premittitur,</span> <span class='ocrx_word' id='word_1_270' title='bbox 765 4095 1020 4194; x_wconf 88' lang='lat' dir='ltr'>adimplendis,</span> <span class='ocrx_word' id='word_1_271' title='bbox 1035 4111 1072 4168; x_wconf 87' lang='lat' dir='ltr'>ct</span> <span class='ocrx_word' id='word_1_272' title='bbox 1084 4095 1260 4195; x_wconf 75' lang='lat' dir='ltr'>perpetui)</span> <span class='ocrx_word' id='word_1_273' title='bbox 1274 4120 1316 4167; x_wconf 92' lang='lat' dir='ltr'>ac</span> <span class='ocrx_word' id='word_1_274' title='bbox 1335 4093 1592 4167; x_wconf 91' lang='lat' dir='ltr'>inviolabiliter</span> <span class='ocrx_word' id='word_1_275' title='bbox 1603 4093 1728 4166; x_wconf 89' lang='lat' dir='ltr'>obser·</span> 
     </span>
     <span class='ocr_line' id='line_1_30' title="bbox 335 4218 1727 4319; baseline -0.004 -27"><span class='ocrx_word' id='word_1_276' title='bbox 335 4220 481 4310; x_wconf 77' lang='lat' dir='ltr'>randis,</span> <span class='ocrx_word' id='word_1_277' title='bbox 507 4245 572 4292; x_wconf 86' lang='lat' dir='ltr'>vos</span> <span class='ocrx_word' id='word_1_278' title='bbox 596 4233 633 4292; x_wconf 89' lang='lat' dir='ltr'>et</span> <span class='ocrx_word' id='word_1_279' title='bbox 658 4220 841 4319; x_wconf 87' lang='lat' dir='ltr'>predictus</span> <span class='ocrx_word' id='word_1_280' title='bbox 868 4219 1056 4318; x_wconf 89' lang='lat' dir='ltr'>Philippus</span> <span class='ocrx_word' id='word_1_281' title='bbox 1080 4219 1176 4292; x_wconf 87' lang='lat' dir='ltr'>lilius</span> <span class='ocrx_word' id='word_1_282' title='bbox 1200 4235 1331 4310; x_wconf 89' lang='lat' dir='ltr'>vester,</span> <span class='ocrx_word' id='word_1_283' title='bbox 1355 4218 1402 4290; x_wconf 88' lang='lat' dir='ltr'>de</span> <span class='ocrx_word' id='word_1_284' title='bbox 1426 4219 1541 4289; x_wconf 70' lang='lat' dir='ltr'>vestra</span> <span class='ocrx_word' id='word_1_285' title='bbox 1566 4219 1727 4314; x_wconf 76' lang='lat' dir='ltr'>expressa</span> 
     </span>
     <span class='ocr_line' id='line_1_31' title="bbox 336 4340 1724 4440; baseline -0.003 -22"><span class='ocrx_word' id='word_1_286' title='bbox 336 4347 481 4420; x_wconf 76' lang='lat' dir='ltr'>licentia</span> <span class='ocrx_word' id='word_1_287' title='bbox 496 4360 533 4418; x_wconf 89' lang='lat' dir='ltr'>et</span> <span class='ocrx_word' id='word_1_288' title='bbox 554 4344 740 4418; x_wconf 90' lang='lat' dir='ltr'>voluntate</span> <span class='ocrx_word' id='word_1_289' title='bbox 757 4347 800 4418; x_wconf 90' lang='lat' dir='ltr'>iis</span> <span class='ocrx_word' id='word_1_290' title='bbox 819 4344 991 4417; x_wconf 92' lang='lat' dir='ltr'>omnibus</span> <span class='ocrx_word' id='word_1_291' title='bbox 1004 4361 1039 4416; x_wconf 90' lang='lat' dir='ltr'>ct</span> <span class='ocrx_word' id='word_1_292' title='bbox 1053 4343 1202 4440; x_wconf 84' lang='lat' dir='ltr'>singulis</span> <span class='ocrx_word' id='word_1_293' title='bbox 1222 4345 1467 4433; x_wconf 89' lang='lat' dir='ltr'>consentiens,</span> <span class='ocrx_word' id='word_1_294' title='bbox 1481 4357 1517 4416; x_wconf 88' lang='lat' dir='ltr'>et</span> <span class='ocrx_word' id='word_1_295' title='bbox 1537 4367 1579 4414; x_wconf 89' lang='lat' dir='ltr'>ea</span> <span class='ocrx_word' id='word_1_296' title='bbox 1594 4340 1724 4414; x_wconf 87' lang='lat' dir='ltr'>solem·</span> 
     </span>
     <span class='ocr_line' id='line_1_32' title="bbox 336 4464 1726 4566; baseline -0.006 -22"><span class='ocrx_word' id='word_1_297' title='bbox 336 4473 432 4544; x_wconf 91' lang='lat' dir='ltr'>niter</span> <span class='ocrx_word' id='word_1_298' title='bbox 452 4495 520 4543; x_wconf 88' lang='lat' dir='ltr'>suo</span> <span class='ocrx_word' id='word_1_299' title='bbox 534 4493 758 4566; x_wconf 89' lang='lat' dir='ltr'>suorumque</span> <span class='ocrx_word' id='word_1_300' title='bbox 779 4468 957 4541; x_wconf 88' lang='lat' dir='ltr'>heredum</span> <span class='ocrx_word' id='word_1_301' title='bbox 976 4470 1142 4558; x_wconf 90' lang='lat' dir='ltr'>nomine,</span> <span class='ocrx_word' id='word_1_302' title='bbox 1159 4468 1265 4540; x_wconf 88' lang='lat' dir='ltr'>nobis</span> <span class='ocrx_word' id='word_1_303' title='bbox 1285 4467 1492 4564; x_wconf 90' lang='lat' dir='ltr'>eisdemque</span> <span class='ocrx_word' id='word_1_304' title='bbox 1509 4466 1641 4538; x_wconf 88' lang='lat' dir='ltr'>nostris</span> <span class='ocrx_word' id='word_1_305' title='bbox 1661 4464 1726 4537; x_wconf 91' lang='lat' dir='ltr'>he·</span> 
     </span>
     <span class='ocr_line' id='line_1_33' title="bbox 335 4589 1727 4695; baseline -0.003 -31"><span class='ocrx_word' id='word_1_306' title='bbox 335 4595 482 4667; x_wconf 84' lang='lat' dir='ltr'>redibas</span> <span class='ocrx_word' id='word_1_307' title='bbox 501 4595 768 4695; x_wconf 89' lang='lat' dir='ltr'>repromittens,</span> <span class='ocrx_word' id='word_1_308' title='bbox 787 4607 823 4665; x_wconf 89' lang='lat' dir='ltr'>et</span> <span class='ocrx_word' id='word_1_309' title='bbox 840 4617 921 4665; x_wconf 89' lang='lat' dir='ltr'>suas</span> <span class='ocrx_word' id='word_1_310' title='bbox 938 4617 1048 4691; x_wconf 90' lang='lat' dir='ltr'>super</span> <span class='ocrx_word' id='word_1_311' title='bbox 1064 4591 1135 4663; x_wconf 91' lang='lat' dir='ltr'>hoc</span> <span class='ocrx_word' id='word_1_312' title='bbox 1154 4589 1392 4662; x_wconf 85' lang='lat' dir='ltr'>nihilominbs</span> <span class='ocrx_word' id='word_1_313' title='bbox 1414 4604 1578 4688; x_wconf 90' lang='lat' dir='ltr'>patentes</span> <span class='ocrx_word' id='word_1_314' title='bbox 1593 4613 1727 4662; x_wconf 90' lang='lat' dir='ltr'>conce-</span> 
     </span>
     <span class='ocr_line' id='line_1_34' title="bbox 336 4713 1726 4818; baseline -0.004 -28"><span class='ocrx_word' id='word_1_315' title='bbox 336 4720 426 4790; x_wconf 92' lang='lat' dir='ltr'>dens</span> <span class='ocrx_word' id='word_1_316' title='bbox 451 4719 605 4808; x_wconf 88' lang='lat' dir='ltr'>litteras,</span> <span class='ocrx_word' id='word_1_317' title='bbox 633 4719 814 4818; x_wconf 84' lang='lat' dir='ltr'>prestatis,</span> <span class='ocrx_word' id='word_1_318' title='bbox 842 4733 877 4789; x_wconf 89' lang='lat' dir='ltr'>et</span> <span class='ocrx_word' id='word_1_319' title='bbox 901 4742 967 4789; x_wconf 92' lang='lat' dir='ltr'>nos</span> <span class='ocrx_word' id='word_1_320' title='bbox 989 4717 1098 4788; x_wconf 88' lang='lat' dir='ltr'>etiam</span> <span class='ocrx_word' id='word_1_321' title='bbox 1124 4731 1343 4814; x_wconf 88' lang='lat' dir='ltr'>prestamus,</span> <span class='ocrx_word' id='word_1_322' title='bbox 1369 4713 1606 4812; x_wconf 88' lang='lat' dir='ltr'>corporaliter</span> <span class='ocrx_word' id='word_1_323' title='bbox 1624 4715 1726 4811; x_wconf 89' lang='lat' dir='ltr'>jura·</span> 
     </span>
     <span class='ocr_line' id='line_1_35' title="bbox 337 4835 1726 4934; baseline -0.006 -17"><span class='ocrx_word' id='word_1_324' title='bbox 337 4859 515 4916; x_wconf 91' lang='lat' dir='ltr'>mentum.</span> <span class='ocrx_word' id='word_1_325' title='bbox 542 4843 703 4918; x_wconf 81' lang='lat' dir='ltr'>Pretereh</span> <span class='ocrx_word' id='word_1_326' title='bbox 730 4859 850 4916; x_wconf 89' lang='lat' dir='ltr'>actum</span> <span class='ocrx_word' id='word_1_327' title='bbox 875 4857 913 4914; x_wconf 89' lang='lat' dir='ltr'>et</span> <span class='ocrx_word' id='word_1_328' title='bbox 935 4856 1155 4913; x_wconf 89' lang='lat' dir='ltr'>conventum</span> <span class='ocrx_word' id='word_1_329' title='bbox 1180 4855 1232 4912; x_wconf 89' lang='lat' dir='ltr'>cst</span> <span class='ocrx_word' id='word_1_330' title='bbox 1254 4841 1347 4912; x_wconf 90' lang='lat' dir='ltr'>inter</span> <span class='ocrx_word' id='word_1_331' title='bbox 1372 4863 1439 4910; x_wconf 92' lang='lat' dir='ltr'>nos</span> <span class='ocrx_word' id='word_1_332' title='bbox 1465 4853 1501 4910; x_wconf 90' lang='lat' dir='ltr'>et</span> <span class='ocrx_word' id='word_1_333' title='bbox 1522 4862 1605 4925; x_wconf 90' lang='lat' dir='ltr'>vos,</span> <span class='ocrx_word' id='word_1_334' title='bbox 1624 4835 1726 4934; x_wconf 89' lang='lat' dir='ltr'>qubd</span> 
     </span>
     <span class='ocr_line' id='line_1_36' title="bbox 336 4961 1726 5065; baseline -0.007 -25"><span class='ocrx_word' id='word_1_335' title='bbox 336 4969 487 5065; x_wconf 87' lang='lat' dir='ltr'>antiquo</span> <span class='ocrx_word' id='word_1_336' title='bbox 504 4968 578 5064; x_wconf 87' lang='lat' dir='ltr'>juri</span> <span class='ocrx_word' id='word_1_337' title='bbox 599 4967 699 5062; x_wconf 90' lang='lat' dir='ltr'>quod</span> <span class='ocrx_word' id='word_1_338' title='bbox 718 4967 845 5053; x_wconf 77' lang='lat' dir='ltr'>Veneti</span> <span class='ocrx_word' id='word_1_339' title='bbox 861 4965 995 5038; x_wconf 89' lang='lat' dir='ltr'>habere</span> <span class='ocrx_word' id='word_1_340' title='bbox 1013 4965 1187 5036; x_wconf 89' lang='lat' dir='ltr'>dicuntur</span> <span class='ocrx_word' id='word_1_341' title='bbox 1208 4965 1245 5035; x_wconf 95' lang='lat' dir='ltr'>in</span> <span class='ocrx_word' id='word_1_342' title='bbox 1270 4965 1362 5036; x_wconf 76' lang='lat' dir='ltr'>terrai</span> <span class='ocrx_word' id='word_1_343' title='bbox 1387 4961 1550 5061; x_wconf 68' lang='lat' dir='ltr'>predicta</span> <span class='ocrx_word' id='word_1_344' title='bbox 1568 4961 1726 5058; x_wconf 86' lang='lat' dir='ltr'>imperii,</span> 
     </span>
     <span class='ocr_line' id='line_1_37' title="bbox 337 5086 1796 5192; baseline -0.005 -27"><span class='ocrx_word' id='word_1_345' title='bbox 337 5091 478 5166; x_wconf 89' lang='lat' dir='ltr'>nullum</span> <span class='ocrx_word' id='word_1_346' title='bbox 503 5117 568 5192; x_wconf 89' lang='lat' dir='ltr'>per</span> <span class='ocrx_word' id='word_1_347' title='bbox 590 5091 760 5189; x_wconf 87' lang='lat' dir='ltr'>premissa</span> <span class='ocrx_word' id='word_1_348' title='bbox 781 5090 835 5162; x_wconf 81' lang='lat' dir='ltr'>vel</span> <span class='ocrx_word' id='word_1_349' title='bbox 860 5091 1116 5188; x_wconf 85' lang='lat' dir='ltr'>premissorum</span> <span class='ocrx_word' id='word_1_350' title='bbox 1139 5087 1285 5187; x_wconf 88' lang='lat' dir='ltr'>aliquod</span> <span class='ocrx_word' id='word_1_351' title='bbox 1312 5086 1556 5187; x_wconf 85' lang='lat' dir='ltr'>prejudicium</span> <span class='ocrx_word' id='word_1_352' title='bbox 1577 5110 1726 5182; x_wconf 70' lang='lat' dir='ltr'>petiere·</span> <span class='ocrx_word' id='word_1_353' title='bbox 1793 5177 1796 5186; x_wconf 13' lang='lat' dir='ltr'>A</span> 
     </span>
    </p>
   </div>
   <div class='ocr_carea' id='block_1_3' title="bbox 0 0 1965 6036">
    <p class='ocr_par' dir='ltr' id='par_1_3' title="bbox 0 0 1965 6036">
     <span class='ocr_line' id='line_1_38' title="bbox 0 0 1965 6036; baseline 0 0"><span class='ocrx_word' id='word_1_354' title='bbox 0 0 1965 6036; x_wconf 95' lang='lat' dir='ltr'> </span> 
     </span>
    </p>
   </div>
  </div>
 </body>
</html>
