3928 6040
380 691 421 752 m
734 655 1421 761 couoobmnscoivsmnrnvonm,

381 822 423 886 Lo
435 823 540 904 quinte
553 812 873 880 butalilenstlllalvious
883 813 1185 876 deMont·Morencbi
1195 835 1202 876 ε
1213 819 1242 878 et
1252 817 1273 878 ll
1282 815 1633 898 champignoisionrols,
1647 825 1668 885 ll
1680 824 1781 887 moris·

380 931 474 990 clvaus
485 929 523 988 de
532 922 769 1002 champoingne,
784 923 815 984 iu
826 937 862 982 on
873 923 947 982 celle
957 920 1088 982 batoiilo.
1099 921 1137 983 Et
1146 919 1254 1000 Ogiers
1263 921 1783 1004 deSeint-Clrienometbloncssicrs

410 1172 493 1224 Tertii
514 1168 574 1221 verb
594 1169 637 1220 (lie
656 1171 712 1230 posi
734 1165 844 1216 teritorio
857 1168 941 1212 nostro
963 1162 1060 1212 ibidem
1078 1166 1082 1210 l
1100 1165 1239 1227 superinos
1250 1164 1328 1229 quim
1341 1167 1514 1220 nosvleterivis
1526 1171 1690 1234 babuerunt(
1703 1176 1733 1226 ils
1747 1189 1779 1226 en

379 1261 489 1317 conlisa,
502 1259 540 1309 llll
551 1254 646 1308 deinde
657 1258 780 1306 exeuntes
794 1253 886 1302 nostris
904 1250 1060 1313 quibusdem
1078 1223 1082 1300 !
1100 1261 1193 1306 curent
1210 1257 1232 1306 ie
1252 1256 1326 1320 pire).
1345 1259 1463 1322 Quadam
1481 1260 1524 1311 dre
1545 1264 1656 1314 mmm,
1670 1266 1779 1316 „fluum

380 1348 506 1400 militibus
515 1351 541 1398 el
551 1346 679 1409 peditibus
691 1349 776 1407 preter
785 1354 832 1392 nos
852 1340 1061 1392 leceruntinsul·
1100 1345 1241 1396 multitudo
1262 1347 1295 1397 de
1316 1349 1430 1412 quidem
1446 1352 1519 1412 portel
1537 1343 1686 1404 calervstim
1708 1369 1779 1419 egre-

380 1442 430 1488 ius.
442 1439 531 1487 Petrus
547 1434 609 1487 verb
627 1435 660 1485 de
672 1431 815 1496 lirajecenl,
832 1443 890 1481 cum
904 1430 1060 1492 quibusdum
1099 1433 1188 1492 diens,
1200 1448 1250 1498 que
1267 1440 1342 1498 pom
1358 1445 1425 1501 pm,
1438 1435 1452 1488 ἑ
1470 1439 1572 1489 deum
1585 1447 1657 1503 pm
1672 1445 1778 1505 mm.

380 1526 504 1576 militibus
514 1529 539 1575 et
547 1523 675 1586 serjantis,
688 1524 803 1573 ermetus
812 1519 1005 1582 superveniens,
1018 1519 1060 1568 hic
1099 1522 1219 1586 superins
1229 1525 1313 1577 exiliit
1324 1533 1350 1576 ct
1362 1540 1408 1576 nos
1418 1531 1566 1591 provocavit
1575 1531 1607 1580 ad
1619 1545 1701 1583 arma.
1711 1537 1779 1598 Quos

379 1629 493 1668 eoscum
506 1614 599 1666 iestino
619 1611 852 1676 impetu'utrociter
868 1612 970 1662 invasit.
986 1610 1060 1675 Quod
1099 1615 1181 1664 nostri
1197 1627 1256 1666 cum
1270 1615 1368 1678 ingenti
1382 1618 1480 1682 impetu
1496 1625 1521 1670 et
1534 1620 1593 1670 lorti
1609 1622 1731 1675 audacter
1742 1639 1778 1676 re-

379 1708 402 1756 el
414 1718 467 1758 nou
488 1708 627 1768 potuerunt
646 1702 765 1776 resistere
779 1713 827 1750 nec
841 1699 872 1750 ad
895 1700 972 1750 turris
992 1698 1061 1751 reiu—
1099 1704 1239 1766 pulerunt;
1257 1704 1292 1756 lta
1314 1705 1383 1769 quod
1403 1709 1477 1758 mulii
1498 1721 1598 1768 eorum,
1615 1712 1698 1764 allero
1715 1716 1779 1766 slte-

379 1796 448 1856 gium
466 1804 580 1844 remeare
588 1813 596 1856 5
609 1790 660 1842 lmb
678 1789 791 1853 oportuit
805 1788 930 1852 quosdam
950 1801 1040 1838 corum
1053 1825 1058 1846 ,
1100 1806 1157 1843 rum
1168 1794 1325 1854 inculcante,
1336 1801 1491 1846 corruerunt
1501 1797 1526 1847 ln
1536 1797 1623 1850 lossas.
1634 1803 1704 1852 inter
1715 1817 1777 1866 quos

379 1884 472 1934 nostris
492 1881 663 1940 instantibus,
679 1881 797 1944 prosilire
821 1881 848 1928 in
871 1891 949 1936 virore,
970 1883 997 1928 et
1023 1878 1058 1927 ibi
1099 1880 1169 1930 iliius
1179 1881 1251 1932 ducis
1262 1882 1295 1932 dc
1304 1884 1404 1933 Ducuto
1417 1883 1457 1946 (dc
1471 1885 1494 1936 lu
1509 1884 1772 1955 lamillenucss),qnl

345 1986 348 1994 ·
378 1973 504 2024 submersi
523 1972 648 2029 luerunt,
668 1970 774 2034 quidem
796 1972 924 2027 truncati,
952 1970 1059 2032 quidum
1100 1970 1168 2020 lnler
1179 1972 1483 2034 constantinopolitanos
1504 1973 1596 2024 lortios
1607 1981 1632 2025 et
1644 1979 1774 2039 pulchrior

378 2059 439 2112 verb
449 2061 552 2112 retenti.
562 2061 667 2115 Statim,
684 2061 737 2109 beo
757 2056 913 2109 mirabiliter
926 2062 1059 2120 operante,
1099 2058 1242 2118 dicebatur,
1257 2072 1316 2110 cum
1331 2062 1388 2111 aliis
1400 2063 1556 2124 quibusdem
1571 2071 1718 2128 peremptus
1728 2075 1772 2120 est.

378 2149 660 2214 turrisabsquebellico
671 2150 842 2199 instrumento
852 2155 923 2210 copta
933 2152 958 2198 ct
970 2151 1060 2197 catena
1130 2149 1247 2198 Crastina
1270 2162 1374 2212 quoque
1389 2149 1449 2208 dle,
1472 2151 1583 2213 quedam
1598 2153 1690 2205 cohors
1709 2157 1775 2206 mill.

379 2245 454 2306 rupta
466 2240 525 2291 luit.
542 2244 599 2291 llos
613 2241 634 2289 sl
647 2239 764 2302 quidem,
776 2237 885 2288 navibus
896 2238 1006 2287 civitails
1018 2250 1058 2287 rc·
1100 2239 1154 2285 turn
1166 2237 1279 2287 civitatis
1294 2249 1340 2299 per
1352 2244 1454 2300 portem
1476 2239 1616 2292 blacherne
1638 2244 1727 2302 exivit,
1747 2247 1774 2296 et

379 2332 418 2383 iro
433 2331 598 2386 abeuntibus,
617 2341 694 2381 naves
713 2331 799 2378 nostre
823 2327 933 2378 liborum
956 2331 1059 2390 portum
1099 2328 1171 2382 parte
1186 2325 1238 2387 qua
1258 2325 1362 2388 ingenia
1379 2331 1466 2378 nostre
1485 2327 1578 2378 bellica
1597 2331 1660 2392 erigi
1680 2333 1775 2384 fecer..

380 2421 528 2470 lrabuerunt
538 2425 565 2470 et
577 2417 702 2481 quosdam
714 2427 805 2466 eorum
817 2415 893 2466 simul
906 2428 964 2466 cum
974 2416 1058 2478 palei·
1099 2426 1174 2472 mus,
1187 2414 1241 2472 sed,
1253 2417 1432 2478 Deoiuvunte,
1446 2421 1584 2469 retromissi
1598 2427 1659 2471 sunt
1670 2425 1775 2486 turpiter

267 2515 272 2526 ·
379 2511 428 2569 dis,
448 2510 574 2562 navlcuiis
595 2515 620 2559 et
641 2509 723 2571 bargis
742 2511 877 2570 ceperunt.
895 2509 966 2556 Tunc
988 2507 1057 2564 vero,
1098 2505 1124 2550 ei
1136 2507 1263 2564 potenter.
1278 2507 1349 2555 'runc
1361 2505 1468 2568 quidum
1487 2513 1603 2558 retentus
1616 2515 1654 2559 est
1673 2513 1711 2561 vir
1727 2527 1774 2562 no-

380 2604 473 2654 oostris
484 2603 592 2653 mribus
603 2606 628 2651 et
641 2601 716 2650 nobis
735 2599 862 2650 ordinetis
882 2599 914 2648 asi
935 2610 1058 2661 pugnem,
1099 2591 1245 2656 billssimus,
1259 2595 1389 2658 potentior
1404 2602 1429 2646 et
1442 2598 1467 2646 in
1480 2598 1572 2649 militia
1585 2601 1677 2651 molior
1693 2603 1774 2653 omni·

379 2695 546 2757 processimus
561 2695 634 2756 iustu
654 2693 726 2742 littus
739 2691 772 2741 ad
790 2690 929 2753 quemdam
953 2693 1058 2751 pontem
1098 2683 1145 2735 bus
1159 2688 1464 2754 constantinopolitanis,
1477 2691 1523 2753 qul
1542 2694 1706 2744 consiiiarius
1727 2697 1774 2746 lm·

379 2782 518 2846 lapideum,
536 2782 674 2831 distantem
688 2777 703 2830 al
719 2783 788 2829 turre
804 2776 985 2842 pronominum
1005 2790 1057 2826 una
1098 2777 1225 2838 peretoris
1237 2782 1300 2827 erat.

378 2873 461 2921 leues.
471 2873 538 2920 Pons
550 2868 659 2920 verbille
669 2867 875 2930 protensiorevot
887 2868 966 2916 Parvo
979 2869 1058 2916 Ponte
1130 2867 1176 2917 iile
1188 2869 1308 2919 mercurii
1321 2873 1377 2930 post
1388 2870 1590 2928 ordinationem,
1602 2872 1651 2944 init
1662 2874 1775 2938 proposi-

379 2961 524 3024 parisieusi.
547 2963 577 3010 El
588 2964 643 3010 erat
663 2957 727 3008 adeo
739 2957 842 3006 siricius
855 2955 947 3017 (circili
969 2959 996 3005 ut
1010 2961 1059 3006 tres
1098 2957 1152 3004 tum
1167 2953 1236 3018 quod
1253 2957 1279 3005 in
1294 2958 1407 3007 crsslino
1424 2957 1496 3008 lieret
1510 2961 1618 3011 assaltus
1637 2962 1670 3011 ad
1686 2964 1772 3013 civita·

368 3045 476 3114 ‘equites
485 3049 569 3114 juncti
581 3047 704 3098 luteribus
716 3047 791 3096 simul
805 3046 844 3095 vis
857 3057 902 3107 per
916 3045 990 3096 illurn
1002 3058 1059 3109 pos·
1098 3047 1159 3100 tem,
1175 3045 1312 3094 videlicct=
1328 3045 1380 3096 slus
1397 3048 1489 3098 Veneti
1511 3060 1557 3110 per
1578 3062 1664 3112 mare,
1691 3063 1773 3102 comes

378 3145 435 3194 sent
447 3142 563 3192 transire.
578 3139 655 3189 lindis
665 3136 801 3201 profundis
810 3135 988 3193 existentibus,
1002 3149 1056 3186 non
1097 3133 1262 3185 Flandrensis
1276 3139 1301 3185 et
1322 3149 1408 3187 comes
1431 3137 1592 3188 ludouvicus
1614 3153 1660 3202 per
1681 3146 1772 3190 terram

378 3236 525 3296 poteramus
532 3226 596 3278 aliis
605 3225 723 3282 transire,
733 3223 783 3274 nisi
795 3224 904 3274 multam
917 3223 1058 3274 luceremus
1097 3221 1235 3280 assilirent,
1248 3230 1274 3275 et
1290 3225 1404 3274 musonio
1415 3239 1473 3274 cum
1487 3227 1552 3286 iliis;
1570 3240 1617 3289 ego
1630 3229 1650 3276 si
1670 3229 1772 3291 quidem

376 3329 503 3373 tomuram
513 3315 664 3382 (dciour).Sl
675 3315 735 3367 verb
749 3313 861 3365 inoslro
874 3312 1057 3377 navigiolongs's
1096 3317 1123 3360 et
1135 3313 1263 3378 llattbcus
1274 3313 1306 3364 sle
1318 3315 1514 3374 blontmorensi,
1525 3323 1563 3366 -et
1586 3320 1772 3368 mareschalcus

376 3413 538 3466 slistsremns,
551 3407 657 3460 tortasse
671 3408 815 3471 periculum
826 3418 949 3469 magnum
966 3407 1056 3456 incur·
1096 3403 1238 3464 campanie
1247 3401 1414 3466 (Geoll'roysle
1426 3403 1640 3468 v'itie-lisrdoinj,
1652 3419 1711 3458 eum
1718 3409 1772 3458 ovio

376 3503 496 3554 rissevnus
509 3505 535 3550 et
546 3499 681 3549 domnum.
1095 3491 1127 3540 de
1137 3493 1233 3542 Sancto
1249 3493 1361 3554 cyrone,
1371 3492 1435 3544 ovim
1448 3496 1555 3545 assaltus
1566 3495 1648 3558 tieret,
1658 3491 1772 3546 cusiodi-

406 3587 473 3640 cslm
488 3588 692 3652 pervenissemus
714 3583 747 3634 ad
767 3589 874 3646 pontem
897 3585 991 3646 ipsum,
1009 3582 1055 3634 nei
1095 3581 1330 3631 remusesercitum
1342 3581 1771 3636 lorinsecusinterruilemetcem·

375 3678 499 3742 patientia
512 3676 585 3726 nollo
599 3676 726 3730 obstante,
739 3672 913 3730 transivimus,
928 3677 954 3721 et
964 3684 1056 3734 proce-
1072 3653 1080 3756 Ι
1095 3671 1214 3728 pum-iit
1224 3670 1261 3719 sic
1280 3668 1397 3722 lecimus.
1414 3671 1489 3722 Foeta
1503 3677 1590 3722 autem
1609 3674 1771 3724 ordinetione

374 3767 466 3818 dentes
485 3764 596 3816 tentoria
609 3767 696 3814 nostra
716 3761 818 3810 llsimus
840 3760 908 3810 inter
928 3761 1054 3823 palatium
1072 3757 1076 3774 '
1094 3761 1120 3804 et
1131 3757 1263 3819 proposito
1279 3759 1432 3816 termlnsto,
1451 3760 1502 3810 dus
1518 3762 1609 3811 veneti
1631 3773 1690 3811 cuns
1710 3763 1769 3824 qui·

375 3857 536 3921 imperatoris
547 3859 573 3905 et
589 3854 715 3917 palatium
729 3850 862 3901 boemond
871 3871 879 3912 ς
896 3854 923 3900 el
936 3851 972 3901 sic
992 3863 1053 3914 pro·
1094 3846 1204 3897 busdem
1219 3848 1252 3899 de
1265 3850 1359 3918 nostris
1376 3851 1421 3914 qui
1440 3851 1543 3913 navigio
1559 3856 1679 3913 potenter
1692 3852 1768 3902 insta·

375 3945 556 4009 pinquavlmus
568 3941 693 4005 polatinm
705 3939 775 4003 quod
787 3940 930 3990 blacherna
941 3938 1053 4000 dicitur;
1094 3938 1171 3996 bant,
1192 3937 1272 4002 prope
1293 3953 1381 3991 muros
1397 3941 1507 3992 navibus
1525 3943 1670 4006 spplicalis,
1693 3943 1770 3994 scalas

374 4034 409 4086 iti
430 4032 499 4098 quot
522 4031 613 4096 sepitis
633 4035 717 4081 nostre
739 4029 867 4080 cadebant
884 4042 962 4092 super
980 4030 1054 4091 pala·
1093 4029 1173 4078 muris
1194 4030 1367 4088 reclinantes,
1395 4032 1557 4082 intruserunt
1576 4045 1637 4082 cnm
1658 4035 1768 4084 virtuoso

373 4123 439 4172 tium
454 4127 480 4172 et
491 4122 558 4172 intra
570 4119 695 4183 poietinm
707 4130 754 4180 per
770 4117 904 4177 fenestras,
918 4121 944 4168 et
961 4119 1052 4180 sagitte
1093 4117 1188 4180 impetn
1202 4118 1341 4176 civitatem,
1354 4122 1385 4170 30
1403 4121 1517 4171 turribus
1529 4121 1677 4180 lncrilnctis,
1698 4125 1768 4186 justa

372 4189 512 4262 i'irecorum
524 4221 601 4272 super
613 4209 720 4258 tentoria
730 4210 825 4256 nostre.
839 4209 893 4256 ilco
903 4206 970 4257 lecto
982 4218 1052 4256 eser·
1091 4208 1263 4270 quantitatem
1273 4208 1565 4274 Atrebatetuutemquit
1575 4223 1630 4274 ren
1639 4224 1654 4262 a
1663 4211 1678 4262 tl
1687 4211 1767 4274 liras)

370 4301 450 4352 citum
473 4303 590 4350 nostrum
612 4297 786 4349 conclusimus
807 4296 899 4359 grossis
918 4296 999 4358 palis,
1026 4300 1053 4345 et
1091 4300 1116 4345 et
1138 4296 1169 4348 sle
1192 4297 1295 4348 civitote
1320 4311 1373 4348 non
1397 4299 1528 4348 modicum
1552 4301 1766 4350 combusserunt:

370 4391 598 4442 circumcinximus
608 4389 683 4440 liciis.
697 4385 796 4438 Deinde
807 4387 979 4435 instrumenta
991 4397 1051 4436 nos·
1091 4387 1170 4437 nostri
1184 4400 1287 4450 quoque
1298 4401 1356 4438 suos
1368 4402 1414 4451 per
1427 4393 1522 4439 terram
1538 4389 1665 4439 iacientes
1687 4389 1767 4440 insul·

369 4487 408 4531 tra
429 4479 558 4530 bellicaet
570 4478 696 4541 petrarias
708 4475 836 4526 cresimus
849 4471 910 4524 ante
921 4487 1016 4524 muros.
1090 4478 1139 4530 tus,
1155 4477 1229 4525 scetis
1249 4477 1368 4526 similiter
1381 4490 1455 4526 muro
1473 4477 1606 4539 appositis,
1625 4491 1684 4528 suas
1695 4491 1768 4540 super

400 4572 457 4620 Dus
469 4568 559 4618 veneti
576 4563 964 4627 verosuperquamlibetnavin
974 4575 1050 4612 cons-
1089 4577 1164 4614 muro
1176 4571 1319 4627 posuerunt
1339 4550 1502 4616 benerlas'et
1520 4567 1622 4616 resilis.
1635 4567 1766 4617 blinitores

367 4660 447 4710 trusit
462 4659 494 4709 tle
508 4657 629 4708 antennis
650 4659 755 4719 pontem
767 4655 932 4711 altissimum,
948 4655 975 4702 ln
988 4654 1048 4704 alti·
1088 4653 1147 4704 verb
1159 4666 1249 4704 muros
1270 4652 1379 4704 inlerisis
1393 4653 1565 4705 suberrantes
1583 4667 1664 4705 unam
1677 4655 1768 4706 turrim

366 4749 456 4800 tudine
468 4751 512 4798 100
523 4747 601 4811 pedes
612 4745 762 4800 habentem,
775 4748 801 4793 et
812 4755 890 4806 super
904 4743 1049 4806 quemlibet
1087 4748 1245 4795 straverunt.

365 4841 472 4901 pontem
485 4838 605 4900 poterant
617 4836 653 4885 ire
665 4838 777 4898 quatuor
789 4833 885 4884 milites
905 4833 938 4883 de
950 4831 1045 4884 ironte.
1117 4837 1190 4884 'lunc
1203 4835 1351 4896 imperetur,
1364 4833 1475 4884 civitetls
1491 4833 1614 4884 inccndio
1634 4838 1661 4885 et
1674 4835 1767 4884 nostris

365 4923 483 4978 rretsrei
500 4925 609 4989 quilibet
629 4923 729 4975 usarlus
750 4922 946 4984 mangonellum
969 4934 1046 4972 suum
1087 4924 1187 4974 insidiis
1198 4921 1314 4988 undique
1326 4928 1480 4986 coarctatus,
1492 4925 1670 4975 constituitad
1683 4929 1767 4988 portas

365 5013 478 5066 habebut
494 5019 617 5064 erectum.
1085 5003 1263 5078 singuiss'quo
1275 5015 1308 5067 sd
1328 5027 1432 5078 campos
1450 5017 1548 5066 exilum
1562 5015 1693 5067 iaciebant
1712 5019 1766 5066 tur-

395 5101 464 5154 bum
476 5107 563 5154 autem
575 5104 623 5155 bec
636 5103 738 5160 flerent,
761 5103 837 5154 Greci
856 5101 931 5153 nobis
944 5101 1010 5166 pede
1020 5105 1045 5154 ci
1085 5115 1140 5154 mas
1149 5105 1263 5156 militnm
1276 5117 1329 5155 non
1340 5117 1492 5168 prucorum,
1504 5109 1533 5156 ut
1544 5117 1591 5156 nos
1603 5106 1766 5168 circumqua-

367 5205 436 5242 rcno
447 5192 533 5250 plures
549 5194 675 5244 instanter
686 5190 806 5242 lecerunt
818 5191 937 5250 insultus,
954 5189 1044 5242 verbm
1084 5205 1134 5256 osse
1145 5193 1275 5242 assilirent
1288 5197 1314 5243 et
1332 5193 1435 5244 invasos
1449 5193 1611 5244 involverent
1622 5199 1649 5244 et
1662 5201 1765 5244 trnnrs·
