3862 6048
358 563 570 630 naturane
591 565 645 633 ua
665 565 848 630 ututur
868 566 1091 632 rntncmse
1109 569 1164 632 nn
1183 552 1337 637 nonas.
1492 575 1551 638 an

157 717 281 791 pappa,
288 695 411 792 requis
424 719 540 770 sures
554 694 601 768 de
614 722 681 796 par
697 721 790 770 nous
803 712 839 770 ct
856 697 890 770 le
908 697 963 770 dit
977 700 1122 796 prince,
1144 725 1190 774 ne
1203 700 1237 774 le
1253 701 1327 774 volt
1338 703 1548 778 confirmer.

201 849 218 886 e
231 826 286 894 En
296 824 452 896 tesmoin
463 819 510 896 de
521 848 563 896 ce
577 847 670 896 nous
679 848 792 896 avons
809 824 872 898 fait
884 841 999 898 matre
1013 841 1137 900 nostre
1148 825 1219 900 scel
1232 853 1279 902 en
1294 853 1353 902 ces
1366 846 1552 928 presentes

153 949 282 1020 lettres.
811 999 814 1008 ι

197 1103 215 1140 ι
230 1077 279 1150 Ce
298 1073 336 1144 fu
351 1074 415 1146 tait
428 1099 475 1148 au
489 1073 806 1163 Vel-la-Contesse,
821 1073 855 1146 le
868 1073 1081 1150 dte-enche
1096 1076 1229 1150 devant
1243 1079 1385 1155 ieatede
1401 1080 1435 1154 la
1452 1085 1550 1179 Mag·

32 1241 35 1320 5
151 1196 304 1284 deleine,
321 1196 393 1272 l'au
408 1197 455 1272 de
472 1223 576 1294 grace
594 1197 697 1272 1313.
714 1230 733 1266 s

193 1325 247 1392 En
262 1319 517 1420 consequence
529 1321 576 1394 de
587 1347 646 1394 ces
660 1320 797 1412 traitds,
810 1320 844 1394 le
861 1323 1020 1417 mariage
1032 1339 1133 1396 entre
1150 1327 1260 1398 louis
1273 1339 1307 1400 et
1321 1327 1469 1400 Maliaut
1489 1344 1550 1402 eut

29 1497 31 1530 ,
146 1443 216 1518 lieu
226 1443 249 1516 *a
261 1444 296 1519 la
306 1444 358 1516 fin
369 1445 416 1518 de
426 1445 543 1542 juillet
555 1445 702 1535 1313,et
713 1445 747 1518 le
761 1469 928 1518 nouveau
938 1447 1067 1544 prince
1075 1445 1247 1520 d’Achaie
1261 1449 1301 1522 fit
1314 1475 1368 1524 ses
1379 1450 1549 1550 prepara·

28 1573 30 1618 ³
148 1571 201 1644 tiss
212 1595 310 1669 pour
322 1595 359 1643 se
374 1570 507 1642 rendre
520 1570 611 1644 dans
623 1596 663 1644 sa
674 1569 914 1669 principante,
930 1570 1027 1648 etde
1042 1570 1076 1643 tt
1090 1572 1268 1670 procdder
1280 1573 1302 1646 a
1316 1574 1351 1647 la
1367 1581 1549 1674 conquetc

145 1695 192 1772 du
202 1694 646 1794 royaumedegsalonique.
660 1695 817 1768 L’annee
829 1697 993 1770 suivaute
1011 1697 1117 1786 1314,
1132 1723 1182 1772 au
1196 1700 1291 1772 mois
1302 1699 1547 1790 d'octobre,le

146 1827 263 1900 meme
279 1823 334 1894 roi
347 1821 660 1924 Philippo-lebel,
676 1823 803 1926 investi
814 1823 865 1894 du
879 1825 1036 1922 pouvoir
1048 1821 1099 1896 de
1107 1821 1547 1898 de‘termineral’amiable

144 1945 193 2018 les
207 1945 424 2042 obligations
439 1945 671 2046 reciproqum
687 1945 733 2020 de
747 1947 874 2037 louis,
887 1948 1015 2046 prince
1028 1946 1200 2022 d’tohare
1217 1962 1253 2020 et
1271 1950 1328 2022 roi
1342 1947 1388 2021 de
1401 1949 1547 2024 Thessa·

143 2069 306 2167 lonique,
328 2085 363 2142 et
380 2070 428 2142 de
448 2069 614 2168 Philipps
640 2069 686 2142 de
705 2075 877 2160 Tarente,
895 2095 1088 2168 empereur
1105 2070 1154 2147 de
1174 2072 1486 2171 Constantinople,
1504 2073 1546 2147 srt

143 2195 287 2292 puhlier
299 2194 350 2268 les
362 2193 483 2268 lettres
495 2209 660 2292 patentes
674 2195 738 2291 qui
750 2195 898 2266 suivent
912 2197 920 2232 ¹
944 2222 951 2264 :

189 2318 434 2418 «Philippus,
464 2320 530 2392 Dei
551 2319 664 2414 gratid
690 2324 913 2394 Francorum
937 2345 1019 2408 rex,
1045 2334 1174 2392 notum
1197 2320 1348 2394 facimus
1370 2323 1545 2396 universis

142 2459 323 2541 presentes
349 2443 469 2518 literas
494 2444 726 2542 inspecturis,
751 2442 872 2541 qubd,
899 2469 985 2516 cum
1018 2459 1173 2516 tractatu
1205 2447 1428 2518 matrimonii
1456 2463 1545 2520 tunc

141 2565 397 2652 contrahendi,
412 2592 512 2643 nunc
526 2569 725 2658 contracti,
740 2569 837 2640 inter
847 2567 1071 2641 carissimum
1084 2581 1121 2640 ct
1135 2571 1444 2664 consanguineum
1461 2595 1544 2642 nos·

141 2705 237 2762 trum
257 2690 485 2768 Ludovicum
505 2691 550 2766 de
573 2691 796 2788 burgundia,
816 2689 932 2764 filium
950 2690 1097 2765 Robcrti
1114 2691 1307 2788 ,quondam
1326 2692 1430 2766 ducis
1454 2698 1543 2766 Bur·

139 2814 292 2910 gundic,
312 2817 481 2908 militem,
505 2819 711 2916 principem
728 2817 874 2907 Achaic,
895 2833 932 2892 ct
951 2815 1155 2894 llathildim
1173 2817 1219 2890 de
1237 2817 1420 2908 timonis,
1441 2820 1542 2918 prin·

138 2941 303 3040 cipissam
317 2942 463 3035 tehaie,
474 2945 549 3041 ejus
564 2969 732 3031 uxorem,
748 2945 957 3018 carissimus
970 2943 1262 3039 consanguineus
1270 2957 1394 3016 noster
1403 2943 1541 3044 Philip·

137 3089 225 3162 pus,
240 3068 361 3142 Caroli
384 3069 551 3160 secundi,
569 3067 792 3142 Hierusalem
812 3068 981 3142 etSi‘cilie
1001 3069 1110 3165 rqis,
1123 3059 1245 3153 titius:
1262 3070 1432 3167 prinecps
1452 3085 1541 3144 tunc

136 3193 370 3280 Tarentinus,
384 3217 485 3266 nunc
499 3193 694 3290 imperator
707 3191 1146 3290 Constantinopolitanus,
1157 3217 1199 3264 ac
1212 3193 1321 3264 etiam
1336 3195 1540 3266 carissimus

137 3317 427 3412 consanguineus
445 3333 568 3392 noster
586 3322 711 3413 Hugo,
728 3316 803 3389 dux
817 3314 1044 3412 Burgundie,
1059 3316 1169 3396 irater
1181 3316 1268 3390 dicti
1283 3317 1475 3408 ludovici,
1492 3317 1539 3392 ad

134 3467 227 3541 opus
244 3456 280 3514 et
296 3443 345 3516 ob
363 3467 506 3516 causam
523 3441 611 3517 dicti
633 3441 857 3514 matrimonii
878 3439 997 3512 eidem
1015 3439 1220 3532 Ludovico,
1239 3466 1308 3538 pro
1331 3467 1368 3512 se
1394 3442 1539 3539 suisque

135 3567 333 3642 heredibus
361 3593 402 3640 ex
432 3571 511 3668 ipso
544 3566 778 3640 matrimonio
811 3589 874 3636 seu
906 3589 1142 3662 quocumque
1174 3565 1245 3638 alio
1279 3566 1535 3664 procreandis,

134 3690 320 3782 dederint,
341 3691 583 3785 contulerint,
602 3692 857 3785 concesserint,
880 3689 1120 3786 quittaverint
1141 3687 1341 3770 donatione
1356 3690 1536 3762 irrevoca-

133 3817 197 3890 bili
217 3817 312 3890 taeta
335 3817 430 3890 inter
453 3819 565 3908 viros,
591 3842 634 3889 ac
649 3817 686 3888 in
714 3817 834 3914 ipsum
852 3814 1086 3904 ludovicum
1108 3813 1264 3888 totaliter
1290 3815 1537 3888 transtulerint

134 3943 258 4012 omnia
272 3942 372 4038 jura,
387 3942 535 4016 nomina
549 3955 584 4012 et
597 3941 758 4014 actiones
773 3937 910 4012 eisdem
922 3953 959 4010 et
976 3951 1104 4012 eorum
1123 3937 1536 4038 cuilibet'oompetentia

132 4083 168 4140 et
185 4082 454 4166 competentes,
478 4067 719 4164 competitura
740 4080 777 4135 et
792 4063 1065 4161 competituras‚
1082 4089 1123 4135 ex
1146 4068 1306 4138 causaet
1324 4063 1429 4136 titulo
1454 4066 1536 4162 qui·

132 4191 373 4289 buscumque,
389 4193 425 4262 in
439 4214 549 4286 regno
561 4189 866 4261 Thessalonicensi
876 4203 915 4262 et
925 4188 1098 4262 omuibus
1109 4189 1338 4290 pertinentiis
1352 4189 1532 4285 ejusdem,

133 4317 326 4412 ipsumque
348 4315 574 4393 Ludovi‘cum
601 4313 648 4388 de
673 4312 846 4412 predictis
866 4311 1129 4410 presentialiter
1149 4313 1413 4402 investiverint,
1435 4311 1533 4384 salvo

132 4453 168 4520 et
180 4454 361 4515 reservato
382 4439 483 4513 dicto
501 4435 669 4536 Philippo
691 4452 727 4508 et
747 4435 1176 4534 Catberiueimperatrici
1202 4433 1533 4532 Constantinopoli-

132 4577 215 4646 tane
228 4565 305 4660 ejus
318 4565 422 4653 uxori
438 4563 608 4660 homagio
626 4563 714 4638 dicti
734 4563 834 4658 regni
853 4563 994 4636 ratione
1012 4561 1156 4658 imperii
1179 4559 1351 4658 predicti3
1375 4581 1531 4654 nosque,

132 4687 178 4759 de
206 4713 386 4761 consensu
413 4687 595 4760 dictorum
626 4687 799 4786 Philippi,
814 4686 976 4782 Hugonis
1009 4699 1044 4754 et
1073 4681 1267 4770 Ludovici,
1293 4680 1532 4753 amicabiliter

163 5023 266 5084 'taxea
286 5019 372 5072 nadre
388 5020 531 5080 noctuae,
542 5015 664 5068 Histoire
682 5013 806 5078 pherme
846 5023 961 5074 maures,
971 5021 1047 5072 peges
1059 5013 1102 5060 tra
1114 5013 1139 5060 ct
1149 5013 1201 5060 tta.
1212 5012 1250 5060 tta
1263 5011 1314 5064 tol.
1323 5010 1349 5060 tn
1362 5012 1397 5070 t·‚
1413 5012 1481 5062 rut.

133 5108 243 5160 dcam
253 5111 289 5160 dr
298 5108 458 5172 Buttmann
465 5108 497 5158 de
505 5108 533 5160 la
542 5104 687 5160 multanda
693 5101 806 5160 Franco,
