3872 6044
421 705 480 780 ¹02
771 669 986 771 coneneie
1007 681 1452 777 uecttttsutttutttceun‚

418 837 505 907 grant
519 831 639 892 montier
652 825 661 888 i
676 823 773 886 auroii
784 829 814 886 ci
828 828 860 889 lii
874 820 964 886 seruit
974 820 1155 883 micudrced
1170 831 1340 896 goutcrner
1352 811 1582 892 namurcensi
1596 815 1697 875 mrnt
1710 813 1813 874 eciierat

417 935 438 998 ti
449 939 555 1016 donce,
566 941 596 998 et
606 953 662 997 una
671 938 756 1012 joura
765 929 849 1010 princ
862 933 899 993 do
910 925 1115 992 intencione
1125 929 1143 987 d
1152 928 1197 990 cel
1206 929 1277 1002 jour
1289 920 1389 1000 kinric
1401 924 1445 998 iu,
1455 921 1669 983 acunicrenten
1681 917 1812 982 untione

415 1043 511 1122 patuis
531 1047 551 1105 ia
565 1039 586 1104 ti
607 1043 664 1104 dus
678 1041 716 1102 dc
730 1041 856 1102 Venisse
871 1035 925 1099 ieri
940 1039 956 1098 i
971 1037 1078 1111 horici,
1094 1051 1135 1096 un
1150 1035 1202 1096 dee
1213 1035 1281 1110 pins
1292 1028 1379 1092 biaut
1393 1030 1441 1090 dei
1455 1027 1577 1090 monde.
1590 1029 1632 1090 tt
1647 1025 1713 1087 cisi
1727 1032 1811 1102 grant

416 1155 556 1216 asanhtec
570 1153 608 1214 dc
620 1157 692 1227 gont
710 1153 748 1210 ke
761 1165 796 1210 ce
816 1147 848 1208 iu
865 1147 926 1206 iinc
938 1141 1112 1222 merreiiie3
1138 1158 1190 1203 car
1210 1149 1335 1201 eatcunt
1350 1137 1443 1200 reicit
1457 1132 1602 1197 saterrici
1624 1137 1717 1196 sunit
1729 1132 1807 1195 snit.

417 1257 512 1340 ripole
526 1262 627 1322 iurent
640 1257 662 1320 tt
677 1260 770 1320 deuse
784 1253 815 1316 tri
827 1250 967 1317 dctoient
979 1249 1053 1313 taire
1066 1251 1214 1312 i’ciection
1229 1271 1238 1326 3
1252 1253 1282 1310 et
1296 1244 1397 1308 iurent
1410 1240 1467 1305 ntis
1479 1261 1516 1304 cn
1536 1259 1596 1304 une
1617 1243 1715 1304 mouit
1731 1238 1811 1302 rioire

414 1369 540 1445 chaneio
559 1363 590 1427 tri
604 1367 716 1427 dedens
732 1365 789 1425 cire
805 1359 901 1442 peinis
915 1357 1024 1438 estoit3
1046 1363 1076 1420 ct
1089 1359 1182 1420 iaeme
1198 1373 1238 1417 on
1251 1356 1278 1417 ic
1291 1355 1360 1415 huic
1375 1369 1430 1430 par
1442 1353 1542 1414 deiors
1560 1367 1621 1430 que
1635 1367 1694 1412 nus
1709 1367 1748 1412 ne
1763 1367 1809 1412 re·

413 1481 490 1537 meat
510 1447 605 1538 atcuc
620 1489 685 1536 aue.
701 1471 740 1533 Et
751 1473 773 1532 ti
788 1470 886 1534 baron
905 1475 935 1530 et
951 1469 972 1528 ii
986 1463 1137 1529 chevalier
1152 1469 1303 1526 rcrncscnt
1315 1479 1353 1524 cn
1374 1479 1416 1524 un
1431 1465 1518 1538 amnt
1539 1457 1635 1537 pelais
1655 1456 1686 1522 ti
1712 1459 1808 1522 deiero

413 1581 511 1646 estoit.

457 1689 494 1752 Et
515 1689 591 1750 dura
605 1687 651 1749 ior
669 1701 795 1747 concaua
811 1690 873 1746 tant
885 1679 937 1743 tr'ii
953 1683 1081 1742 iurante
1097 1697 1137 1741 un
1153 1683 1246 1757 acort3
1262 1685 1292 1740 et
1306 1673 1534 1752 chnrgiercntie
1543 1678 1648 1752 parote
1657 1679 1808 1751 pourtous

414 1799 458 1860 icc
483 1799 626 1876 animai
648 1793 783 1858 Netcion
809 1793 961 1870 i'ctetquc
983 1791 1020 1850 dc
1039 1785 1172 1866 Scirona,
1196 1783 1228 1848 ki
1249 1783 1336 1847 estoit
1354 1801 1411 1846 una
1427 1783 1479 1845 det
1502 1783 1617 1854 deuter
1643 1787 1673 1844 ei
1693 1778 1807 1843 vincent

407 2007 512 2060 itccueit
534 2009 581 2060 des
600 2007 738 2058 historiens
759 2006 792 2056 de
810 2003 917 2055 Franco.
934 2003 1006 2053 voici
1029 2001 1092 2052 oeiie
1162 2001 1219 2049 «iit
1234 2009 1305 2050 nunc
1322 1997 1433 2048 breviter
1447 1993 1744 2058 mmncasosctntrnas
1760 2005 1807 2055 oue

410 2097 529 2150 adnecto
541 2111 575 2148 au
589 2097 704 2159 chapitre
716 2095 907 2146 deciteaurat
924 2089 1092 2144 mentionnte
1130 2089 1198 2139 eirca
1216 2099 1263 2138 noe
1285 2091 1343 2150 nost
1362 2097 1392 2136 ea
1416 2085 1599 2146 contigerant,
1620 2094 1653 2134 ea
1672 2085 1807 2144 prenotato

409 2199 456 2248 par
476 2185 587 2237 atcerte.
619 2187 661 2235 on
682 2197 716 2236 cn
750 2181 862 2234 uttriitne
892 2182 919 2232 ia
944 2179 1090 2239 seduction,
1129 2175 1214 2240 quod,
1232 2176 1299 2230 elcut
1321 2188 1375 2227 non
1389 2186 1471 2246 opera
1487 2173 1626 2224 hominum
1642 2171 1748 2222 inerunt
1765 2170 1807 2220 sod

407 2288 509 2330 mame
520 2275 583 2326 celte
593 2275 628 2324 du
641 2273 752 2336 premier
761 2269 938 2334 siagnitean
947 2271 981 2322 de
990 2272 1090 2332 Nonou.
1130 2267 1176 2318 Dei
1203 2279 1255 2329 que
1277 2265 1365 2316 Grecis
1392 2265 1545 2322 intulimus,
1567 2262 1618 2320 itt,
1641 2275 1693 2312 non
1719 2262 1806 2310 homi-

441 2363 569 2428 Epirtoio
589 2363 721 2414 Bcidreini
736 2362 909 2424 imperatoria
928 2360 964 2408 od
984 2360 1090 2420 capito·
1131 2367 1195 2404 num
1216 2365 1293 2416 opera
1319 2352 1425 2403 inerunt
1444 2351 1488 2401 sed
1507 2350 1648 2400 demonum
1675 2361 1725 2410 que
1745 2360 1805 2398 cnm

413 2455 469 2504 ium
488 2450 679 2509 mindense,
693 2456 741 2502 cic.
1131 2443 1286 2505 imperatore
1303 2453 1372 2492 novo
1384 2443 1521 2502 ticenoque
1534 2475 1540 2496 ‚
1559 2450 1606 2504 per
1617 2437 1703 2491 omnia
1712 2435 1806 2486 Grecia

443 2539 654 2597 wimnoensi
667 2539 763 2601 gratia,
776 2537 941 2588 fidelissimae
952 2535 1091 2598 imperator
1129 2529 1206 2582 nobit
1218 2529 1370 2592 succendit
1384 2527 1508 2578 consucta
1524 2524 1654 2576 ruribuit

408 2623 439 2672 to
448 2621 554 2672 carisio
566 2619 879 2685 comminuendum,
891 2615 968 2668 tucn
978 2627 1090 2666 emona·
1163 2622 1236 2670 «Nos
1244 2615 1550 2682 sieuidemnediacardie
1560 2613 1755 2666 inmitemiatcr
1763 2624 1806 2662 nas

410 2715 467 2768 tuo,
482 2711 606 2760 domanio
624 2707 771 2760 modernior
788 2711 815 2756 et
833 2717 935 2768 semper
950 2709 1091 2765 augustusc
1129 2709 1155 2757 et
1164 2710 1259 2760 Grecos
1270 2707 1429 2761 ministraret
1438 2711 1465 2756 ct
1476 2703 1592 2754 moribus
1601 2703 1696 2754 nocuis
1704 2701 1805 2752 attona

406 2798 571 2849 Fiandrcnsis
583 2803 609 2848 ei
622 2798 781 2862 iiayuoensis
793 2809 886 2856 comes,
896 2797 950 2845 Deo
961 2799 988 2845 et
1005 2793 1089 2842 homi·
1128 2796 1272 2857 barbaries,
1283 2796 1316 2851 de
1328 2795 1432 2846 civitate
1443 2798 1567 2844 exeuntes
1581 2805 1612 2842 en
1623 2791 1734 2842 adverso
1746 2789 1804 2838 ciri·

408 2886 723 2942 nibusamabiiibusriris.
733 2899 834 2948 semper
845 2887 871 2934 in
879 2885 980 2934 christo
991 2881 1090 2932 dilectis
1130 2885 1188 2936 tatis
1200 2873 1369 2948 interjacente
1386 2888 1480 2948 portu,
1499 2882 1532 2934 nd
1545 2891 1632 2946 preces
1645 2877 1806 2943 imperatoris

408 2977 436 3050 et
447 2973 538 3022 merito
553 2972 698 3034 diligendis,
711 2972 804 3022 Abbati
824 2971 980 3022 cisterciensi
992 2975 1018 3020 ei
1032 2969 1091 3022 unt·
1128 2979 1209 3026 castra
1225 2969 1359 3038 nocuimus
1368 2991 1376 3035 ς
1398 2979 1469 3024 etex
1492 2973 1636 3036 insperate,
1659 2983 1705 3022 teu
1718 2969 1806 3020 innati

407 3063 486 3113 versio
497 3063 634 3114 abbatibus
650 3065 676 3114 et
693 3061 817 3114 iratribus
827 3061 942 3131 eiusdem
957 3060 1088 3122 martyrii.
1128 3060 1570 3121 maiitit‚seuGreccrumeednctus
1583 3058 1708 3124 pertidia,
1719 3059 1807 3108 anino

408 3150 622 3204 &mamithus
631 3161 709 3210 rona.
717 3156 818 3206 mamea
829 3151 960 3212 duntcere
968 3153 1089 3206 ciamare
1128 3149 1255 3207 recessiti
1266 3150 1341 3202 notin
1352 3151 1493 3212 imperator
1506 3150 1549 3200 cut
1565 3153 1640 3200 curru
1661 3147 1733 3199 tona
1745 3157 1806 3196 eou-

408 3239 520 3324 ccicetia.
829 3301 835 3312 ι
1126 3240 1246 3296 tuimur,
1257 3243 1284 3290 ct
1296 3240 1324 3290 in
1340 3238 1475 3295 omnibus,
1484 3249 1544 3300 cum
1558 3241 1631 3304 patro
1649 3239 1677 3286 ei
1696 3235 1806 3298 patriae

436 3330 501 3378 Cum
514 3328 654 3382 christiane
669 3327 800 3390 religionis
811 3327 882 3386 mio.
897 3326 949 3377 imo
961 3331 988 3378 et
1002 3329 1087 3377 nostra
1126 3329 1175 3380 ciii
1186 3341 1217 3380 ac
1228 3329 1295 3378 moie
1307 3328 1444 3386 nobilium,
1458 3325 1532 3376 nobis
1543 3325 1676 3390 promissis
1687 3325 1806 3388 perjurus

405 3417 751 3480 speciaiiamorepcrsone,
768 3415 897 3480 quocirod
913 3419 1087 3478 nosscuntur
1125 3423 1152 3473 et
1173 3417 1283 3474 mendax
1300 3420 1338 3467 tot
1362 3415 1472 3467 incurrit
1495 3415 1609 3478 periuria
1638 3419 1702 3478 quoi
1732 3413 1806 3463 nobis

406 3505 1087 3566 religioruuasciredesideret,senatimrottadurt·
1126 3509 1237 3574 prestitit
1258 3509 1417 3569 iuramenta.
1445 3504 1519 3555 Unde
1550 3510 1641 3558 nostro
1669 3505 1806 3554 destitutus

405 3607 462 3645 mus
473 3595 660 3650 declarandum
676 3591 755 3664 quim
769 3595 835 3648 mist
849 3592 918 3646 ciret
932 3605 979 3644 noa
993 3593 1086 3644 utrina
1125 3598 1231 3654 auritio,
1242 3597 1325 3660 pretia
1335 3601 1425 3651 eontra
1436 3607 1486 3646 noa
1497 3594 1639 3646 meditatur
1656 3594 1803 3648 incanum,

403 3685 549 3736 elementia
564 3697 609 3735 asa
626 3687 660 3736 sit
670 3686 794 3741 novitate.
809 3682 960 3751 quaeadm
970 3695 1023 3734 non
1035 3693 1086 3733 nc»
1124 3690 1151 3736 ei
1164 3685 1259 3747 navigii
1271 3684 1411 3747 quodcum
1424 3683 1567 3735 adduxerat
1579 3685 1606 3732 et
1621 3681 1804 3734 continerent

404 3772 444 3823 itis
464 3773 572 3842 quidem
589 3773 633 3824 scd
657 3773 759 3826 nomini
786 3785 833 3824 sun
854 3773 962 3835 giarium
985 3773 1086 3824 dederit
1124 3775 1157 3826 ad
1175 3785 1298 3826 cononem
1320 3778 1444 3841 procurat
1460 3771 1592 3824 incendia„
1605 3771 1656 3826 Sed
1678 3775 1738 3822 tote
1750 3771 1802 3820 tin

404 3863 525 3917 omnibns
543 3862 635 3913 aecuiia
653 3863 842 3920 admirandam.
855 3862 1016 3913 tiireitiiiitue
1030 3863 1087 3925 clus,
1124 3865 1233 3923 crudeli.
1246 3865 1299 3916 Deo
1311 3879 1363 3915 non
1373 3867 1531 3928 protegente,
1545 3863 1691 3922 trentam,
1704 3863 1735 3912 nt
1745 3873 1803 3927 para

404 3950 472 4002 circu
503 3964 551 4002 nos
572 3965 674 4014 semper
695 3951 856 4003 mtmbiiiera
878 3952 1033 4008 succedant.
1056 3956 1086 4003 ut
1122 3967 1169 4006 sua
1190 3967 1237 4019 per
1255 3959 1350 4006 cuncta
1368 3955 1529 4013 deterior.et
1545 3953 1682 4004 hominum
1695 3963 1802 4004 aerum

403 4039 483 4088 ctiam
495 4037 642 4094 tntideiiitus
654 4039 764 4092 dubiam
775 4051 829 4090 esee
845 4051 899 4090 nco
916 4039 1084 4102 detestanta
1122 4045 1198 4096 cedes
1219 4044 1341 4095 incendia
1359 4045 1387 4094 ei
1407 4043 1500 4106 ranno
1518 4044 1685 4109 proveniant.
1711 4043 1801 4093 tumi-

403 4139 497 4178 manas
509 4127 613 4181 nomint
632 4132 754 4197 operetur
770 4131 817 4182 itec
825 4129 931 4188 omnia,
946 4127 1005 4180 edm
1019 4129 1084 4182 ninii
1123 4139 1202 4188 ncnte
1216 4133 1279 4184 ioris
1295 4133 1399 4199 mut.
1420 4129 1492 4182 intds
1507 4132 1645 4182 timoribus
1658 4136 1802 4184 eoam

402 4221 534 4279 oneratum
557 4223 604 4272 aut
629 4219 759 4288 provisum
786 4219 846 4270 anti
866 4220 1019 4282 eontigerit,
1039 4221 1083 4270 sed
1123 4221 1304 4285 imperatore!
1317 4222 1433 4272 emnium
1445 4220 1800 4283 putantibusttroctmtco·

402 4311 541 4358 tuncnora
552 4306 657 4358 demum
668 4307 743 4358 ncitis
754 4309 903 4372 procurarit
914 4309 1010 4359 aurtiia
1022 4307 1083 4368 ct'tm
1121 4314 1225 4366 cacione
1237 4312 1337 4376 captati
1348 4310 1418 4374 dudd
1430 4311 1532 4363 nultum
1548 4311 1583 4362 ad
1600 4310 1727 4362 auritium
1738 4319 1798 4359 noo

401 4397 468 4451 nihii
484 4399 591 4449 hnmani
607 4399 737 4457 rideretur
748 4410 879 4462 summense
892 4398 1004 4449 consilii.
1122 4405 1191 4460 tram
1205 4401 1304 4452 tenent
1319 4377 1414 4452 arten
1433 4397 1571 4462 mintium.
1584 4401 1616 4449 iii
1631 4409 1690 4448 eece
1704 4407 1765 4448 curn
1777 4399 1799 4448 ei

434 4505 446 4533 ι
460 4488 618 4553 titudinem,
630 4487 725 4540 sibene
736 4489 910 4548 meminimus,
925 4499 972 4554 par
983 4489 1082 4543 titteris
1121 4492 1245 4544 euadendi
1262 4503 1319 4554 spes
1333 4491 1412 4542 unica
1424 4494 1532 4540 metant
1543 4489 1570 4538 in
1585 4489 1674 4544 nodis.
1684 4489 1799 4550 lamnia

400 4579 565 4632 universitati
576 4585 659 4636 vestre
672 4577 944 4642 tranuntssas(on'n'a
958 4591 1005 4642 pas
1014 4583 1081 4630 cette
1120 4583 1168 4634 sitit
1185 4583 1341 4645 quemdam,
1363 4579 1517 4632 tioreutttun
1537 4581 1801 4644 nominenumine

400 4667 499 4731 ieitre),
516 4667 597 4719 nestri
610 4669 795 4732 progressioni
811 4668 891 4723 status
904 4669 1080 4719 narrationem
1118 4671 1168 4722 atiti
1191 4670 1426 4734 omiseramus
1447 4681 1510 4735 quo,
1526 4681 1573 4732 pro
1595 4667 1729 4719 beneflciis
1749 4667 1799 4718 im·

403 4755 435 4804 ed
449 4760 531 4820 utque
546 4757 710 4815 deduximus,
727 4759 772 4816 ut,
787 4755 850 4806 urite
869 4757 992 4819 conuicti
1005 4757 1079 4820 canti
1120 4759 1222 4822 penaio,
1237 4771 1314 4822 aanor
1327 4771 1417 4810 omnes
1428 4759 1493 4809 aiios
1506 4755 1661 4814 confidebat.
1676 4755 1757 4807 mittit
1767 4755 1798 4806 ad

401 4841 528 4897 sicienter
549 4845 564 4898 i
586 4849 696 4910 nonen..
710 4851 821 4910 tyranno
843 4846 949 4912 nimio,
972 4857 1004 4897 ac
1025 4847 1080 4898 atto
1119 4852 1260 4906 exercitum
1269 4854 1394 4912 nostrum,
1407 4852 1453 4914 qui
1465 4851 1591 4902 ittakerac
1606 4847 1732 4913 nutatim
1752 4861 1800 4899 ne·

400 4933 507 4991 toarcii,
522 4935 619 4994 aiente,
632 4940 768 4996 coronato.
782 4949 854 4994 mora
865 4935 1006 5000 (domeure)
1017 4949 1079 4987 noe-
1118 4939 1170 5000 iiis,
1185 4939 1234 4992 sub
1251 4941 1400 5002 iuramento
1419 4940 1583 5003 imperatoris
1604 4943 1629 4990 et
1649 4951 1714 4998 auo,
1735 4951 1795 5001 nro·

401 5025 440 5074 ira
451 5023 576 5084 promtam
588 5025 656 5078 ieret
671 5041 701 5079 ac
714 5027 836 5080 ordinata
846 5039 892 5090 per
904 5029 1080 5091 tancmemut
1118 5031 1197 5082 mittit
1217 5033 1245 5082 in
1268 5029 1413 5091 obsidium,
1428 5029 1512 5083 donec
1525 5025 1617 5082 cuncta
1641 5029 1718 5081 notis
1735 5041 1797 5100 nm-

400 5115 519 5175 potenter
535 5113 722 5176 obtinerenturr
741 5117 761 5170 si
779 5117 886 5179 cuidem
900 5115 1024 5170 obsistere
1036 5117 1077 5170 ti·
1117 5119 1196 5176 mista
1210 5119 1360 5177 metantes.

400 5199 523 5256 tenentur
534 5201 632 5254 iterio.
