3928 6040
383 670 421 724 10
736 719 739 726 ,
1013 657 1161 720 Nel'lc'u'

423 815 439 850 a
450 786 1127 866 Amissus-ascolitanusconstantinopolitana,
1138 786 1494 851 currenieanncliomini
1506 787 1706 871 Mecum),
1723 789 1782 852 iur-

381 905 501 976 pcralor
515 893 681 958 balduinus
694 896 731 955 dc
743 891 998 970 Constantinopoli
1017 895 1073 954 luit
1090 903 1226 970 egressus
1241 909 1311 954 cum
1324 892 1451 956 navibus
1469 895 1508 956 de
1522 894 1692 957 Ga-Pesaro
1705 899 1781 960 cisi-

383 1005 449 1067 latis
459 1000 667 1078 venetiarum,
679 999 802 1064 veniens
812 1018 881 1062 cum
895 1002 990 1062 multo
1001 1002 1119 1077 populo
1129 1003 1189 1062 tim
1197 1001 1314 1064 Veneto
1328 1004 1419 1079 quam
1430 997 1496 1062 aliis
1507 999 1641 1077 gentium
1655 1019 1785 1080 genera-

383 1109 513 1174 tionibus
528 1109 682 1186 masculis,
703 1105 823 1169 leminis
838 1115 866 1169 ol
886 1104 1037 1184 parvulis,
1053 1105 1189 1185 quicum
1204 1123 1281 1170 ecse
1295 1108 1482 1170 reduxerunt
1494 1105 1524 1168 in
1540 1107 1667 1186 navigiis
1681 1111 1783 1172 Vene-

383 1229 493 1282 torum.
507 1215 642 1284 Potestas
655 1223 663 1254 ¹
679 1220 749 1280 terd
763 1216 970 1292 Venetorum,
990 1213 1112 1276 nomine
1130 1212 1272 1276 domiuus
1286 1216 1409 1277 Marcus
1432 1212 1625 1295 Gradonico,
1647 1235 1784 1294 egressus

382 1333 446 1390 erat
459 1333 569 1388 terram
585 1342 654 1386 cum
668 1320 801 1386 exercitu
817 1325 971 1397 galearum
986 1329 1019 1383 ul
1040 1321 1095 1384 iret
1112 1328 1141 1384 et
1155 1321 1385 1400 dampnificarel
1399 1320 1537 1386 inimicos
1551 1325 1664 1386 Grecos
1687 1332 1717 1387 el
1730 1343 1780 1388 ae·

383 1433 497 1512 ciperet
508 1434 672 1513 quamdam
689 1436 871 1507 terramque
894 1428 922 1492 ei
937 1433 1035 1492 iuerat
1048 1428 1274 1507 promissadari
1286 1454 1295 1510 3
1308 1433 1414 1493 rerdm
1430 1449 1462 1492 se
1478 1429 1595 1494 invenit
1607 1435 1781 1513 deceptum,

381 1539 454 1620 quia
463 1541 642 1602 cdmdiotus
656 1537 792 1600 Potestas
805 1545 882 1600 esset
894 1541 940 1602 tir
954 1536 1164 1616 probissimus,
1180 1541 1348 1616 proditores
1359 1540 1412 1618 qui
1426 1545 1513 1602 erant
1526 1543 1558 1601 in
1568 1539 1781 1604 Constantino-

383 1650 447 1724 poli
456 1651 597 1710 dsxirum
611 1647 757 1708 habentes
771 1647 924 1724 quomcdd
940 1652 1019 1708 terra
1036 1651 1102 1707 erat
1115 1652 1259 1709 evacuata
1273 1645 1434 1722 gentibus,
1449 1645 1708 1725 dederuntipsam
1724 1655 1782 1710 ler-

382 1773 447 1818 ram
457 1755 631 1832 imperatori
640 1753 754 1831 Ghyer³
764 1749 868 1814 Micali
880 1753 1043 1830 Palealogo
1051 1769 1152 1830 greco,
1176 1771 1268 1831 quam
1279 1771 1374 1831 usque
1390 1751 1419 1814 in
1435 1751 1614 1814 bodiernum
1628 1757 1707 1816 diem
1720 1753 1783 1832 ipse

382 1861 545 1940 imperator
558 1879 628 1924 cum
642 1859 815 1924 bominibus
836 1858 897 1922 suis
911 1859 1006 1922 tenuit
1017 1867 1047 1923 et
1059 1859 1202 1938 possedit.
1216 1859 1320 1925 Micali
1343 1859 1530 1938 impensioris
1549 1862 1650 1939 (ibren
1663 1864 1781 1924 Andro-

383 1972 468 2032 nicus
483 1968 562 2032 lilius
577 1967 632 2030 luit
651 1974 681 2030 et
701 1985 865 2030 successor.
882 1970 990 2031 Postea
1003 1966 1192 2032 Andronicus
1205 1966 1258 2048 qui
1273 1988 1354 2032 nunc
1369 1975 1493 2048 regnat,
1519 1967 1598 2031 illius
1613 1968 1667 2031 illii
1686 1971 1782 2048 beer

383 2072 547 2140 Andronici
562 2071 703 2152 predicti,
724 2071 781 2152 ipsi
795 2073 1057 2152 Constantinopoli
1070 2077 1253 2138 dominatur.

425 2205 441 2239 n
452 2183 512 2244 Sed
526 2184 564 2244 ad
580 2179 791 2260 imperatorem
806 2179 989 2243 Balduinum
1005 2180 1131 2244 latinum
1144 2189 1290 2261 revertar,
1305 2179 1359 2261 qui
1374 2179 1457 2246 uenit
1468 2185 1507 2245 de
1519 2179 1779 2259 Constantinopoli

383 2286 613 2366 Nigrepontem,
629 2285 682 2350 ubi
695 2291 713 2348 d
724 2285 966 2349 suisbominibus
977 2285 1033 2350 luit
1042 2295 1193 2363 gramnler
1207 2294 1457 2366 acceptus,prout
1466 2290 1504 2350 ab
1516 2287 1573 2350 illis
1583 2286 1721 2352 dellocid
1730 2291 1782 2362 (Lo

384 2397 501 2471 Roebe)
512 2393 884 2474 quiducctuiAtlrenarum
896 2393 1145 2470 dominabantur,
1159 2393 1292 2459 acetiam
1304 2393 1449 2458 aducissd
1459 2393 1609 2458 *Nicbxie
1620 2395 1782 2472 (Naxoslet

384 2506 484 2566 Andre
497 2503 641 2584 (Andros)
663 2508 693 2565 et
714 2505 842 2565 aliarum
866 2500 1054 2580 insularum,
1074 2508 1104 2564 et
1127 2507 1145 2563 A
1163 2501 1294 2565 dominis
1309 2500 1504 2582 Nigrepcntis
1518 2511 1530 2542 ⁴
1546 2501 1604 2565 luit
1627 2502 1784 2580 magnifice

384 2618 524 2690 receptus
537 2619 566 2675 et
579 2617 672 2691 quam
687 2611 853 2690 plurimum
868 2615 1044 2688 honoratus,
1061 2609 1159 2675 eidem
1170 2613 1249 2674 dona
1264 2631 1374 2689 magna
1396 2611 1592 2690 largientibus
1618 2615 1782 2674 secundum

336 2711 337 2716 ’
384 2717 613 2798 possibilitatem
641 2736 760 2782 eorum.
784 2716 844 2797 Qui
863 2715 1027 2795 imperator
1052 2717 1094 2779 ibi
1114 2721 1225 2781 multos
1246 2717 1355 2782 milites
1378 2716 1458 2782 lecit.
1483 2721 1522 2781 Et
1542 2717 1612 2782 inde
1628 2717 1783 2781 discedens

386 2826 517 2888 venitin
539 2825 700 2904 Apuliam,
717 2825 778 2888 illle
804 2825 961 2891 inveniens
974 2829 1056 2906 quod
1075 2826 1215 2906 princeps
1236 2830 1416 2891 illanlredus
1436 2827 1560 2891 Tarenti
1583 2833 1613 2891 in
1636 2826 1743 2907 Apulia
1756 2835 1784 2890 et

386 2931 487 2997 Sicilia
502 2935 657 3010 regnabat.
684 2932 744 3013 Qui
766 2931 907 3012 princeps
921 2953 990 2998 eum
1004 2933 1170 2998 honorilice
1182 2936 1329 3016 suscepit,
1345 2943 1375 2998 ei
1389 2941 1450 2998 idm
1466 2940 1530 3015 ipsc
1543 2941 1635 3015 quim
1650 2941 1717 3012 ejus
1729 2941 1784 2998 lio-

386 3039 482 3103 miues
496 3057 566 3104 eum
581 3044 827 3117 honoraverunt,
850 3039 948 3104 eidem
961 3045 1040 3104 dona
1053 3059 1162 3119 magna
1176 3049 1204 3106 et
1213 3047 1305 3106 multa
1321 3047 1487 3120 largiendo.
1511 3045 1587 3107 inde
1603 3049 1674 3107 serd
1687 3043 1784 3106 disec-

387 3151 462 3213 dens
473 3145 525 3210 ivit
537 3145 734 3210 inFranciam
748 3166 783 3210 ec
796 3147 885 3211 ctiam
894 3147 1122 3213 inllannoniam
1136 3154 1305 3230 (llainaut),
1314 3151 1364 3213 ubi
1375 3151 1440 3230 ipsc
1451 3161 1563 3216 certam
1571 3159 1681 3214 terram
1690 3155 1784 3214 lrabe-

390 3257 452 3316 bat.
478 3253 608 3318 Domina
623 3259 695 3319 verb
714 3254 890 3333 imperatris
915 3272 992 3319 uxor
1011 3262 1077 3334 ejus
1095 3266 1283 3336 precesserat
1302 3261 1341 3322 ad
1360 3263 1525 3338 petendum
1539 3258 1650 3322 auxilia
1665 3277 1783 3336 regum,

388 3359 560 3439 principum
575 3368 604 3424 et
628 3363 777 3424 baronum
791 3368 821 3424 et
832 3360 960 3424 aliorum
977 3371 1247 3444 quorumcumque
1259 3365 1415 3446 bdelium,
1436 3365 1514 3430 inter
1532 3364 1606 3430 alios
1623 3370 1695 3431 vero
1709 3365 1785 3444 regis

387 3473 561 3546 Aragcnum
571 3470 589 3530 J
591 3467 690 3547 acobi,
700 3487 735 3532 ac
749 3467 840 3532 etiam
855 3474 885 3532 n‘
894 3473 998 3532 Aniosi
1012 3474 1243 3550 (Eudiphonse)
1256 3473 1357 3550 generi
1370 3473 1429 3553 sui,
1446 3477 1524 3552 regis
1533 3476 1670 3551 Castelle,
1685 3481 1786 3552 petens

383 3576 533 3640 auxilium
546 3595 603 3656 pro
618 3577 850 3656 recuperacione
862 3577 917 3640 lilii
931 3579 978 3642 sui
998 3579 1133 3660 Philippi
1149 3587 1213 3660 jam
1228 3581 1317 3665 dicti,
1338 3589 1368 3646 el
1389 3581 1496 3647 babuit
1528 3582 1660 3646 maxime
1683 3589 1701 3646 A
1719 3599 1786 3658 rege

388 3681 526 3763 Castelle,
550 3702 692 3764 cumque
703 3685 794 3748 etiam
814 3685 877 3764 ipse
890 3690 1035 3752 tractabat
1053 3693 1260 3767 parentelam,
1281 3689 1394 3754 scilieet
1410 3695 1487 3756 uelle
1498 3694 1571 3754 dare
1589 3689 1681 3754 liliam
1703 3707 1786 3752 auam

390 3795 451 3856 lilio
470 3811 525 3854 suo
539 3793 692 3874 Philippo,
717 3813 775 3872 pro
789 3794 975 3875 acquirendo
990 3796 1327 3875 imperium-Romanis.
1343 3801 1403 3863 Sed
1420 3803 1458 3864 ad
1473 3802 1605 3866 Venetos
1619 3801 1785 3862 redeamus.

431 3921 447 3956 a
457 3897 709 3962 Dominusduxet
717 3901 1089 3982 connunsvanatisrun,
1098 3903 1232 3969 videntes
1244 3923 1276 3968 se
1284 3907 1361 3970 aded
1369 3909 1407 3969 de
1414 3905 1788 3985 Constantinopolienpul-

390 4023 456 4082 sos,
471 4007 634 4068 doluerunt
647 4011 775 4070 multum
791 4015 821 4071 el
845 4013 1035 4073 uehementer
1054 4011 1147 4074 babiti
1168 4019 1248 4074 sunt.
1268 4012 1417 4093 Quocirca
1439 4015 1647 4076 scrutabantur
1668 4031 1787 4076 omnem

390 4115 469 4173 viam
480 4114 639 4174 etmodum
647 4119 680 4174 ut
692 4113 1160 4193 recuperarentipsamcirilalem
1167 4118 1440 4197 Constantinopolis
1448 4127 1478 4182 et
1486 4119 1659 4198 imperium,
1673 4119 1789 4183 mitten-

391 4225 433 4280 tes
441 4220 478 4280 ad
487 4215 645 4280 dominum
656 4236 766 4296 papam
777 4223 851 4282 elad
861 4219 935 4283 alios
944 4224 1070 4286 barones
1079 4225 1182 4287 ildeles
1192 4243 1268 4304 quos
1276 4227 1313 4287 ad
1325 4228 1404 4288 istud
1413 4225 1568 4304 negotium
1577 4230 1675 4291 valere
1685 4229 1788 4291 crede·

389 4329 464 4390 bant
481 4326 680 4406 casuquirendi
697 4325 858 4405 imperium
869 4328 1018 4394 Romanis
1038 4339 1069 4394 el
1083 4331 1173 4395 etiam
1188 4336 1226 4395 ad
1237 4335 1395 4396 Allonsum
1417 4353 1519 4413 regem
1536 4335 1655 4398 Castille
1674 4333 1791 4414 predic-

315 4460 320 4473 ·
393 4443 467 4496 tum.
480 4434 665 4496 Ambaxator
676 4437 747 4497 verb
758 4433 813 4496 luit
826 4434 1290 4501 domiuusMarcusJuslinianus
1303 4445 1398 4502 sancti
1408 4441 1609 4520 Pantaleonis,
1618 4440 1789 4520 rirprobis-

391 4539 496 4619 simus,
513 4539 554 4602 ibi
569 4539 599 4602 in
614 4540 740 4604 castella
752 4539 806 4603 did
821 4546 985 4622 morando,
999 4547 1053 4607 sed
1068 4563 1128 4607 non
1144 4547 1250 4607 babuit
1263 4549 1530 4624 complementum.

434 4671 449 4706 a
461 4647 605 4712 Finaliter
620 4649 683 4728 ipse
693 4649 857 4728 imperator
867 4652 1033 4715 Balduinus
1046 4657 1162 4732 accepit
1178 4673 1234 4732 pro
1247 4657 1309 4717 lilio
1321 4655 1526 4734 suonilippo
1537 4654 1630 4718 liliam
1641 4653 1720 4731 regis
1729 4657 1788 4718 Ka-

393 4754 612 4831 rclilllagniflei
627 4755 716 4834 primi
728 4757 916 4820 Hierusalem
930 4765 959 4820 et
969 4758 1069 4822 Sicilie
1091 4759 1169 4838 regis
1184 4807 1192 4835 ,
1213 4765 1267 4840 qui
1282 4766 1345 4838 jam
1368 4760 1566 4841 acquisiverat
1579 4779 1706 4839 regnum
1721 4779 1788 4839 pre-

394 4857 506 4920 dictum
520 4863 557 4922 de
571 4864 711 4924 manibus
725 4865 890 4943 illunlredi,
904 4863 955 4927 Alii
967 4864 1108 4929 naturalis
1121 4865 1310 4946 imperatoris
1325 4865 1493 4950 Frederici3
1507 4887 1576 4932 cum
1590 4887 1651 4948 quo
1663 4865 1789 4930 iinaliter

424 5100 431 5129 ¹
449 5103 481 5150 le
496 5101 625 5151 Pedestat.
1139 5109 1282 5158 ²Floranrc
1295 5109 1409 5160 sanudo.

421 5187 479 5240 'lle
493 5203 541 5252 ssa,
552 5191 680 5252 seigneur.
1141 5196 1209 5248 ⁴las
1223 5199 1296 5248 balle
1307 5199 1418 5248 carissi.
1488 5229 1496 5247 .
