3928 6044
730 617 883 700 ‹wciiii
905 611 1139 738 njirunrirs.
1583 648 1639 710 :m

244 790 334 839 erec
352 762 524 861 Geoll'roy
550 763 597 836 de
621 764 902 840 Ville-Hardoin
918 793 1063 843 comme
1084 785 1192 868 ayant
1217 795 1379 850 euconru
1401 772 1451 844 les
1475 799 1643 850 censiues

241 887 530 984 ecclesiastiques
541 912 638 984 pour
651 891 753 965 avoir
766 891 879 988 spolie
894 891 945 964 les
957 893 1064 976 hiens
1081 892 1133 966 du
1151 893 1290 991 cierge:

291 1041 309 1078 α
331 1010 820 1090 ...,..ctm·ihessnisnioensi
828 1015 1117 1115 archiepiscope,
1131 1032 1166 1090 ct
1175 1019 1380 1092 sidoniensi
1389 1019 1450 1115 (de
1460 1023 1641 1122 Zeitouni)

240 1151 275 1206 et
289 1134 493 1207 cardicensi
504 1134 745 1234 (deGardiki)
760 1140 951 1236 episcopis,
967 1141 1099 1211 nostris
1115 1139 1336 1214 dedissemus
1348 1144 1474 1224 litteris
1487 1145 1642 1220 inmun·

239 1260 344 1350 dato,
355 1257 565 1330 utnobilenr
581 1260 924 1334 virumGausridum
935 1261 981 1334 de
993 1263 1268 1364 Villi-Arduiui,
1282 1265 1411 1338 Achaie
1422 1269 1640 1366 principem,

238 1383 401 1480 aliosque
424 1383 670 1475 abbatiarum,
693 1385 946 1476 ecelesiarum,
966 1389 1425 1484 papatuumfdecimarum
1448 1408 1484 1464 et
1505 1418 1641 1491 posses,-

236 1509 384 1588 sinuum
401 1507 447 1580 ad
463 1531 591 1578 eorum
606 1507 772 1582 ecclesias
784 1511 1053 1606 pertinentium
1063 1510 1207 1590 illicitos
1227 1512 1446 1606 detentores,
1464 1542 1532 1614 per
1555 1543 1641 1590 cen·

237 1656 360 1705 suram
373 1631 652 1710 ecclesiasticum
675 1630 721 1704 nd
739 1634 1002 1720 restitutionem
1018 1635 1285 1733 compellerent
1308 1639 1538 1734 eorumdem,
1552 1641 1640 1717 dicti

235 1756 421 1854 principes
437 1771 471 1834 et
489 1755 575 1846 atti,
589 1757 688 1834 citati
713 1754 870 1852 legitime
892 1757 939 1830 ab
960 1757 1172 1850 eisdem,.in
1195 1785 1323 1848 eorum
1345 1762 1541 1842 noluerunt
1557 1791 1640 1862 pre·

233 1879 350 1954 sentiit
370 1903 598 1976 compaterer
624 1880 892 1976 propterquod
909 1881 1091 1976 judicium
1110 1883 1582 1979 ipsiexcommunicationis
1602 1891 1638 1962 in

236 2027 297 2074 eos
313 2019 348 2074 et
372 2004 561 2076 interram
582 2029 713 2076 eorum·
730 2004 915 2076 interdicti
937 2007 1132 2088 sententias
1155 2008 1406 2105 protulerunt,
1432 2036 1521 2108 ques
1541 2013 1639 2086 idem

234 2127 530 2226 archiepiscopus
552 2127 751 2226 apostolico
774 2129 875 2224 petiit
903 2129 1106 2202 munimine
1127 2129 1311 2222 roborari,
1328 2133 1489 2221 adiciens
1506 2135 1638 2232 nihilo-

234 2250 357 2326 miniis
365 2253 627 2350 conquerendo
637 2253 753 2351 quod,
766 2279 831 2352 per
844 2255 1202 2354 dictumprincipem
1215 2272 1251 2328 et
1264 2257 1433 2350 homines
1447 2285 1542 2354 suos,
1554 2261 1638 2339 sede

233 2379 380 2475 proprii
394 2394 429 2452 et
442 2395 561 2452 castro
576 2394 612 2452 et
625 2379 837 2455 dimossario
857 2381 1079 2470 Potraceusi,
1097 2382 1382 2478 possessionibus
1405 2399 1440 2458 et
1457 2385 1638 2460 irtictibus

232 2525 377 2592 earum,
400 2517 435 2572 et
451 2502 558 2574 rebus
575 2501 653 2574 aliis
675 2501 802 2574 contre
821 2503 999 2598 justitiam
1018 2503 1340 2603 suerat,spuliatus,‚
1364 2523 1400 2591 et
1417 2508 1538 2605 quod,
1562 2510 1634 2587 iiiiii

232 2624 327 2696 idem
344 2627 514 2724 princeps
535 2623 645 2722 quim
670 2624 793 2696 nobilis
812 2627 870 2696 vir
894 2624 996 2698 oddo
1014 2625 1058 2697 de
1084 2634 1195 2719 licea,
1215 2629 1376 2700 domnus
1394 2631 1631 2724 Athenarum,

227 2750 311 2845 jura
325 2750 556 2824 ecclesiarum
571 2773 718 2822 suarum
732 2752 887 2845 graviter
901 2751 1173 2848 perturbantes,
1190 2777 1233 2826 ea
1246 2779 1318 2850 que
1332 2755 1532 2846 donantur,
1549 2783 1636 2830 ven·

229 2875 367 2946 duntur
394 2875 449 2946 vel
469 2876 634 2972 legantur
659 2873 812 2966 eisdem,
829 2874 876 2946 ab
902 2875 987 2973 ipsis
1016 2875 1166 2974 pacifice
1189 2879 1364 2977 possideri
1388 2905 1462 2952 non
1485 2885 1635 2980 permit·

229 3015 327 3092 tunt,
343 3015 412 3074 etc.
440 3031 471 3070 i.
1032 3019 1034 3028 '

226 3203 908 3270 eiusdemnaglurpeniiurmerebantetepiuriuit
946 3205 1631 3276 iubebitumouatalietquemiieniriiumsrcertotern

227 3295 341 3356 regimen
351 3295 455 3346 ecclesie
463 3299 613 3354 memoraie,
623 3295 720 3357 abiecti
728 3293 795 3360 pene
804 3293 907 3358 penitus
945 3307 1022 3356 ouem
1036 3296 1068 3348 ad
1086 3298 1268 3360 presbiteratus
1281 3302 1395 3352 anicium
1410 3302 1506 3353 iecerat
1521 3315 1627 3366 promo·

227 3384 352 3434 modestia
368 3385 505 3447 pastoraii,
521 3383 633 3448 neglexit
649 3381 753 3446 prorsus
770 3383 905 3433 consulere
945 3385 1047 3442 iethet
1062 3390 1112 3437 tres
1123 3385 1187 3438 elios
1198 3388 1278 3438 laicos
1289 3390 1408 3440 nomines
1421 3389 1526 3441 ecclesie
1538 3405 1627 3455 snpra-

226 3472 905 3536 tenesneneaipsunnocturnaeurnsvnenuoper·
940 3470 1025 3528 dicte,
1044 3483 1090 3533 prr
1104 3473 1231 3534 quosdam
1249 3475 1388 3526 servientes
1408 3489 1467 3531 suos
1487 3479 1626 3542 suspendio

226 3560 306 3618 terre,
318 3561 732 3626 contemnittanquimheretlrus
740 3562 905 3612 celebrarem
941 3558 1018 3619 jussit
1037 3559 1117 3615 trudi,
1133 3559 1221 3610 iunem
1238 3564 1289 3623 qut
1306 3564 1390 3612 eidem
1405 3567 1545 3616 exilierunt
1567 3579 1627 3616 sur·

226 3653 642 3712 audiredirinemec,niteretur,
651 3664 727 3716 perse
738 3635 920 3716 iprumttoras¹
944 3648 1017 3710 pensi
1037 3648 1133 3698 eisdem
1151 3649 1323 3700 seriienillius
1345 3663 1426 3702 manu
1450 3655 1553 3716 proprii
1580 3655 1625 3706 iri·

224 3743 362 3792 canonicas
376 3723 547 3802 Deprendit,
559 3755 607 3792 nee
622 3751 707 3792 coram
719 3752 750 3791 eo
764 3743 829 3803 ipses
842 3739 904 3792 iacit
944 3733 1047 3788 tuendo
1061 3737 1162 3798 clipeos
1174 3737 1353 3800 compellendo
1370 3740 1402 3789 aii
1417 3739 1467 3792 lior
1483 3741 1625 3804 neptium,

224 3827 269 3894 p'er
284 3823 415 3884 ministros
424 3831 529 3888 ecclesie
540 3829 683 3890 decisuri,
696 3833 764 3884 bona
776 3832 853 3896 ipsius
861 3844 903 3884 ee-
945 3827 971 3876 ln
985 3827 1075 3878 salutis
1091 3839 1136 3878 sue
1153 3827 1315 3892 dupondium
1329 3834 1354 3880 et
1367 3831 1520 3882 scandalum
1541 3832 1625 3895 pluri·

223 3923 299 3974 elesle
318 3922 465 3998 dilapidans
482 3925 622 3974 enormiter
642 3937 687 3986 pro
704 3935 749 3973 sue
764 3923 902 3996 voluntatis
944 3930 1065 3971 morum:
1086 3917 1168 3977 unde,
1185 3917 1260 3968 uobis
1277 3919 1339 3968 ‹iicti
1352 3922 1469 3971 uranici
1491 3923 1625 3974 humiliter

222 4013 331 4066 arbitrio
344 4013 527 4074 eluctantium
540 4017 624 4076 preter
636 4016 789 4074 nectutem,
802 4011 861 4064 crim
875 4015 901 4062 in
943 4008 1157 4070 supplicaruntut
1166 4008 1475 4072 adcicenushujusmodi
1486 4013 1622 4074 corrigen-

222 4103 902 4165 presentitbonememorieThomeconttantinopoli-
943 4095 989 4146 dot
1004 4109 1095 4148 manus
1111 4103 1212 4149 nostres
1231 4111 1360 4162 apponere
1374 4101 1550 4161 dignarentur.
1568 4105 1623 4151 ito·

222 4194 275 4243 iani
290 4191 764 4256 pitrirrehemrestitisset,astantibus
776 4193 900 4256 pluribus,
942 4184 1025 4260 leniti
1041 4187 1118 4248 igitur
1134 4188 1193 4246 hie,
1213 4189 1234 4240 tl
1252 4196 1402 4262 letaturi,
1422 4190 1623 4240 connitentibus

221 4279 901 4346 corporaliteriurtuienturnouodtimpersrssionum
942 4278 1023 4328 oculis
1046 4279 1213 4341 pertransire,
1234 4279 1279 4342 qui
1302 4279 1399 4331 nerium
1419 4279 1522 4330 arbores
1546 4280 1622 4330 extir-

221 4368 299 4432 nuim
308 4374 483 4432 proventuum
496 4371 575 4434 ipsius
583 4371 690 4420 ecclesie
700 4371 845 4434 pontonem
855 4383 901 4434 per
938 4379 1002 4434 pere
1015 4367 1133 4426 inutiles,
1148 4365 1236 4420 rerum
1249 4367 1327 4416 etium
1338 4368 1457 4430 pientne
1475 4365 1621 4416 iructiieras

220 4458 340 4508 eumdem
349 4458 522 4521 patriercham
529 4459 717 4516 sententialiter
724 4457 899 4521 adiudicatum
940 4457 1114 4507 indominica
1132 4469 1193 4518 agro
1209 4461 1335 4512 tenemur,
1348 4457 1500 4506 Discretioni
1514 4459 1618 4514 vestre,

220 4545 332 4604 eisdem.
355 4545 423 4607 ipror
443 4547 605 4608 permitteret
623 4543 733 4608 pacifice
751 4547 896 4610 possidere,
941 4541 1620 4608 perapostolicascriptamandemusqnatenurimpri-

220 4647 268 4686 aee
286 4646 362 4697 saper
381 4645 411 4684 ea
430 4636 532 4686 eoadem
551 4633 716 4698 aliquetenus
735 4637 897 4695 molestaret,
940 4635 1001 4684 ratis
1019 4646 1096 4696 super
1117 4635 1245 4696 premissis
1261 4629 1455 4694 diligentissimi
1470 4632 1615 4690 veritatem,

220 4723 274 4785 ipse
285 4723 338 4774 sair
352 4722 558 4784 perversitatibus
571 4723 660 4774 velena
673 4723 841 4786 iniquitatum
850 4736 897 4776 eu·
939 4728 1022 4786 eique
1032 4723 1194 4780 invencritis,
1203 4719 1495 4781 fideliterrciiigeniesin
1505 4721 1616 4786 seriptis,

219 4812 319 4862 malurn
336 4823 481 4876 rwessnc,
496 4812 564 4864 dieto
575 4810 720 4878 patriarchi
731 4813 815 4862 cernis
827 4811 898 4861 ‹leti-
938 4823 968 4862 ea
991 4811 1065 4862 nobis
1087 4811 1135 4862 ruti
1152 4810 1241 4877 sigiliis
1260 4808 1350 4871 restris
1373 4810 1552 4862 transmittatis
1574 4812 1616 4862 ln·

218 4907 273 4954 turn
285 4904 440 4960 exsolvente,
453 4902 567 4966 prelatos
580 4903 719 4966 canonicor
733 4903 823 4953 etdein
836 4913 898 4964 por·
937 4897 1015 4956 clusa,
1029 4903 1056 4948 ui
1070 4909 1115 4959 per
1131 4901 1239 4948 restrum
1251 4895 1404 4948 relationem
1422 4897 1548 4959 instructi,
1569 4911 1612 4949 re·

218 4992 297 5048 tiore.
306 4993 459 5044 auctoritaie
469 4991 717 5054 proprii,spoliarit,
727 4991 896 5052 eontrrjurr-
937 4985 1024 5038 curilis
1035 4987 1062 5036 in
1073 4987 1112 5038 itis
1126 4983 1266 5058 pgocedere
1278 4985 1416 5046 veleamus.
1429 4992 1478 5037 etc.
1524 5039 1528 5046 ,

216 5086 333 5132 neutum
352 5080 486 5142 preprium
509 5078 604 5132 teneri
627 5080 764 5132 veniendo.
787 5081 895 5140 insuper
968 5077 1092 5124 ‘Datum
1110 5073 1179 5136 rpud
1200 5074 1473 5136 criptam-ternum
1494 5079 1539 5126 xii
1559 5077 1611 5128 iel.

216 5171 292 5219 ctiam
302 5169 729 5232 idemarclilepiscopuiqueradem
737 5167 893 5218 montelium
934 5165 1094 5228 septembris,
1104 5163 1268 5228 pontificatus
1286 5167 1365 5215 nostrl
1381 5161 1611 5226 consuntitis

316 5264 355 5318 1re
371 5273 508 5319 rinrtn.
1286 5343 1288 5348 ,
1454 5254 1487 5314 ii
