3862 6048
344 649 403 709 aas
568 626 935 709 uetitacrsssrmus
955 645 1033 708 sua
1052 647 1101 706 ut
1123 627 1266 707 nores
1286 645 1518 736 astucius.

343 777 575 876 voyereutla
599 779 702 850 lettre
722 779 901 866 mirante,
925 778 1015 850 dans
1043 777 1196 874 laquelle
1211 778 1253 848 ils
1276 776 1493 849 de‘clinaient
1514 776 1560 848 de
1583 776 1742 875 prendre

343 929 464 976 arrcun
486 918 732 998 engagement.

392 1059 408 1094 <r
421 1029 593 1099 lllustriet
603 1027 797 1124 magnifico
811 1027 1048 1100 virodomino
1056 1027 1209 1098 domino
1219 1026 1387 1117 amedeo,
1394 1028 1549 1126 principi
1559 1027 1739 1099 Pinarolii.

393 1181 410 1218 c
427 1153 615 1250 Magnifice
640 1154 812 1243 domine,
841 1178 908 1251 per
942 1152 1101 1225 nobilem
1126 1152 1277 1224 militem
1307 1152 1499 1224 dominum
1531 1151 1739 1251 Philippum

343 1279 546 1374 symeonis,
568 1278 760 1350 dominum
783 1277 989 1349 iohannem
1013 1278 1060 1348 de
1077 1277 1288 1366 Odonibus,
1312 1277 1489 1350 Obertum
1515 1277 1561 1349 de
1580 1279 1741 1350 Pleusas-

343 1402 432 1492 cho,
453 1404 607 1474 nuncios
629 1419 664 1474 et
688 1403 948 1474 ambassiatores
963 1402 1226 1498 Magnificentie
1251 1407 1393 1494 Vestre,
1418 1403 1621 1500 recepimus
1645 1401 1741 1474 litte·

345 1549 400 1597 ras
419 1543 602 1598 certorum
627 1527 852 1599 continentie
868 1543 903 1598 et
925 1527 1076 1614 tenoris,
1096 1551 1180 1598 cum
1197 1525 1356 1598 clausula
1373 1526 1419 1598 de
1436 1527 1642 1631 credemus,
1667 1525 1740 1596 tiam

343 1673 385 1720 cx
399 1665 501 1746 parte
513 1651 777 1746 Magnificentie
790 1657 915 1722 Vestre
927 1650 1036 1748 quirm
1050 1651 1191 1722 domini
1206 1651 1347 1722 comitis
1360 1649 1555 1739 Sahaudi03
1567 1665 1603 1721 et
1616 1673 1742 1724 earum

341 1773 544 1844 litterarum
565 1774 745 1846 intellecto
764 1790 911 1863 tenore,
930 1790 965 1846 et
979 1773 1276 1872 requisitionibus
1296 1773 1398 1846 iactis
1414 1773 1521 1845 nobis
1541 1774 1587 1845 de
1602 1775 1741 1871 princi-¹

341 1911 430 1993 patu
451 1897 606 1994 Achaye,
625 1900 895 1976 communicato
915 1923 999 1970 eum
1026 1898 1198 1970 omnibus
1223 1896 1383 1995 prelatis,
1404 1896 1619 1984 baronibus,
1645 1896 1740 1968 milis

343 2021 457 2109 tibus,
476 2021 587 2116 ligiis,
606 2023 810 2112 nobilibus,
830 2022 982 2094 consilio
1004 2022 1050 2094 ad
1074 2023 1277 2120 predictam
1294 2023 1485 2120 requisita,
1503 2022 1654 2096 lecimus
1669 2047 1742 2093 res·¹

341 2145 557 2240 pensionem
580 2146 751 2243 quamde
767 2147 899 2242 jureet
919 2144 1201 2218 nostrohonore
1220 2147 1426 2243 potuimuS,
1447 2171 1531 2218 eum
1554 2170 1631 2218 non
1649 2171 1741 2217 essc-

343 2291 423 2338 mus
450 2268 501 2338 illi
521 2271 585 2366 qui
610 2286 757 2367 possent
778 2287 811 2342 et
842 2271 1019 2342 deberent
1033 2269 1081 2342 ad
1098 2271 1236 2368 quesita
1257 2270 1360 2341 aliter
1382 2270 1620 2367 respondere,
1642 2269 1741 2342 salvo

342 2409 467 2465 nostro
484 2410 520 2466 et
539 2397 706 2467 omnium
732 2412 940 2469 nostrorum
959 2395 1101 2467 bonore
1125 2411 1161 2467 et
1186 2395 1281 2467 illius
1299 2397 1364 2492 qui
1385 2411 1482 2478 tenet
1500 2393 1741 2494 principalem

342 2533 556 2615 potestatem
578 2521 614 2590 in
637 2522 763 2618 patria.

345 2639 348 2648 ’
390 2649 558 2734 «Quare,
577 2647 878 2741 Magnilicentiam
893 2649 1054 2718 Vestram
1073 2669 1241 2741 rogamus
1254 2643 1390 2716 attente
1404 2643 1584 2741 quatenus
1596 2644 1742 2742 predio·

342 2783 415 2839 tam
430 2769 705 2866 requisitionem
710 2770 903 2865 juridicam
915 2785 951 2842 ct
960 2769 1213 2842 rationabilem
1227 2770 1367 2868 placeat
1375 2766 1530 2864 benignis
1544 2785 1580 2840 et
1596 2784 1740 2864 gretan·

342 2905 398 2962 ter
419 2895 597 2990 recipere,
617 2895 848 2989 regratiantes
862 2892 1126 2989 Magnificentie
1140 2898 1265 2965 Vestro
1278 2893 1325 2964 de
1345 2892 1416 2964 tiam
1435 2891 1642 2972 honorabili
1662 2915 1740 2962 am-

342 3016 485 3087 haxiatu
508 3015 633 3088 talium
656 3031 692 3088 et
711 3033 897 3089 tantorum
921 3017 1102 3098 nobilium
1122 3020 1186 3114 qui
1207 3016 1395 3113 diligenter
1413 3031 1448 3088 et
1469 3011 1622 3088 sollicite
1645 3016 1740 3087 feces

343 3155 429 3210 runt
443 3155 559 3220 vestra
570 3157 674 3230 vota,
695 3141 883 3214 allerentes
900 3166 967 3213 nos
982 3115 1030 3213 acl
1043 3167 1189 3239 queque
1208 3139 1313 3212 vobis
1331 3155 1429 3235 grata
1446 3155 1479 3210 et
1499 3138 1668 3211 honores.

393 3295 411 3330 tt
434 3271 567 3337 Datum
577 3267 614 3338 in
636 3272 731 3338 terra
745 3269 851 3340 Drusi
868 3267 959 3355 '‚de
976 3267 1075 3344 dicto
1090 3267 1248 3364 presenti
1266 3264 1329 3336 die
1346 3291 1391 3336 22
1410 3263 1598 3355 februarii,
1616 3269 1662 3336 Xl
1681 3266 1741 3336 ins

340 3390 501 3463 diotiene
524 3391 627 3488 1391.

393 3547 411 3582 c<
435 3522 557 3588 Petrus
571 3516 617 3588 de
630 3521 970 3615 Sancto-Superano
983 3518 1140 3588 vicarius
1152 3533 1188 3589 et
1205 3516 1414 3613 capitaneus
1429 3515 1612 3611 generalis.

392 3671 410 3705 «
434 3645 607 3732 Berones,
623 3643 754 3726 milites
767 3659 804 3714 et
821 3643 962 3714 nobiles
977 3643 1052 3738 ligii
1069 3643 1298 3741 principatus
1314 3639 1447 3714 Acbaie
1463 3640 1490 3710 ².
1516 3669 1535 3708 a

392 3764 1743 3864 llsdeciderentcnsuitequedesambassadeursseraientenvoyeisltArne'de'e

342 3915 388 3962 en
400 3889 500 3961 ltalie
515 3917 560 3962 en
576 3891 655 3962 leur
668 3917 767 3980 nom,
778 3915 874 3990 pour
886 3893 1062 3963 convenir
1078 3891 1141 3963 des
1159 3890 1585 3988 conditionsauxquelles
1595 3890 1638 3962 ils
1649 3915 1739 3963 con·

342 4013 563 4086 seutaienta
594 4015 628 4086 le
656 4019 829 4086 recevoir.
857 4023 921 4088 Ces
944 4015 1214 4100 ambassadeurs
1244 4013 1444 4100 arriverent
1479 4016 1498 4087 t
1533 4018 1663 4089 Venise
1691 4043 1738 4089 au

342 4138 545 4236 printemps
559 4139 604 4209 de
622 4137 763 4210 l'anne'e
781 4137 883 4238 1391,
901 4141 996 4212 etde
1010 4142 1140 4212 Venise
1153 4141 1195 4212 ils
1210 4142 1388 4238 partirent
1401 4165 1496 4238 pour
1509 4141 1544 4212 le
1557 4139 1736 4212 riemanr.

340 4269 411 4334 Des
431 4263 664 4336 eonferences
684 4279 812 4336 curent
840 4263 911 4336 lieu
939 4266 1091 4337 irTurin
1117 4291 1161 4337 au
1193 4267 1286 4360 sujet
1310 4264 1356 4336 de
1380 4263 1415 4336 la
1440 4267 1740 4340 reconnaissance

341 4387 531 4460 d‘Amtdte
550 4413 594 4461 en
620 4389 754 4486 qualite
773 4391 818 4462 de
838 4392 966 4489 prince
984 4391 1030 4462 de
1047 4390 1178 4462 Moree.
1198 4395 1264 4462 Les
1287 4389 1557 4462 ambassadeurs
1576 4391 1739 4463 faisaient

340 4515 455 4587 ualoir
471 4541 543 4613 que
566 4515 745 4613 plusieurs
762 4515 869 4588 lrauts
889 4517 1022 4588 barous
1042 4517 1088 4587 de
1107 4517 1245 4606 Mores,
1267 4541 1313 4588 au
1335 4514 1466 4590 hasard
1487 4517 1532 4588 dc
1552 4515 1632 4588 leur
1657 4543 1739 4616 per-

339 4664 455 4710 sonne
472 4639 566 4711 etde
585 4639 682 4712 leurs
700 4639 821 4732 biens,
836 4641 969 4713 etaient
981 4665 1161 4739 parvenus
1174 4640 1194 4711 a
1208 4666 1246 4711 se
1260 4639 1456 4714 meintenir
1469 4665 1514 4712 en
1536 4643 1738 4743 possession

340 4763 387 4834 de
400 4762 495 4834 leurs
505 4763 597 4854 freis,
608 4781 643 4836 et
653 4789 725 4861 que
736 4766 854 4837 Pierre
866 4765 1201 4864 deSaint-Superan
1213 4790 1258 4836 en
1274 4765 1587 4862 particulieravait
1598 4764 1738 4838 obtenu

340 4887 390 4957 du
411 4886 582 4959 veritable
599 4890 764 4985 seigneur
783 4889 970 4987 superieur
983 4889 1150 4962 d’Achat'e
1163 4893 1331 4987 (lacques
1348 4889 1394 4961 de
1410 4895 1523 4978 Baux,
1546 4915 1739 4988 empereur-

341 5012 387 5083 de
402 5013 711 5111 Constantinople)
727 5014 760 5086 le
774 5017 921 5086 vicariat
935 5015 1096 5110 general,
1116 5041 1260 5088 comme
1275 5039 1349 5087 une
1362 5031 1457 5087 sorte
1472 5015 1518 5087 de
1535 5017 1737 5113 possession

356 5165 364 5194 ¹
379 5163 519 5230 tuusque.
1021 5165 1026 5226 Ι
1073 5166 1169 5226 tntu,
1182 5166 1350 5232 nasamones,
1367 5171 1436 5218 teme
1448 5169 1471 5229 2,
1484 5177 1548 5231 page
1559 5167 1615 5232 3⁶9·
