3928 6044
363 654 423 716 aet
586 635 953 716 acutracrssannus
971 653 1052 715 sua
1066 655 1122 728 ,m
1143 635 1288 716 uonna
1311 653 1542 746 suanense.

366 788 485 858 ferret.
497 791 547 857 ·Ut
561 787 671 882 igitur
686 786 732 857 ad
748 803 869 860 nostra
887 787 1009 860 littora
1026 803 1079 859 est
1099 787 1291 886 appulsum
1319 787 1405 858 etin
1423 788 1510 885 ipsis
1537 786 1769 876 descensum,

365 910 469 982 inlidi
490 925 525 982 et
556 911 747 981 inhumani
765 910 885 982 hostes
905 911 1149 983 Mahumetani
1172 913 1210 982 in
1232 912 1359 982 turrim
1384 926 1420 981 et
1440 910 1570 983 domos
1588 913 1773 1010 proximas

365 1037 522 1122 irruunt,
538 1037 756 1131 nomineque
775 1034 848 1106 illic
858 1051 1015 1132 reperto,
1037 1035 1143 1106 cellas
1158 1035 1409 1106 frumentarias
1432 1049 1468 1106 et
1491 1036 1645 1108 vinarias
1662 1053 1773 1134 atque

365 1161 515 1232 olearias
540 1159 736 1248 effodiunt,
760 1159 997 1250 exhauriunt,
1023 1175 1208 1250 evertunt,
1227 1160 1429 1258 domosque
1444 1185 1488 1232 ac
1500 1162 1630 1232 turrim
1645 1161 1772 1233 demo·

365 1285 517 1356 liuntur.
537 1288 684 1356 Interim
705 1301 824 1356 autem
840 1285 860 1354 a
878 1285 1048 1382 praelecto
1074 1284 1193 1358 classis
1209 1291 1365 1357 nuncius
1379 1285 1426 1356 ad
1447 1311 1514 1356 nos
1528 1285 1720 1359 ascendere
1735 1303 1772 1358 et

365 1409 536 1480 advenire
559 1409 739 1499 adfertur,
764 1409 934 1482 mandata
964 1410 1131 1507 quaedam
1148 1413 1397 1508 expositurus,
1415 1409 1571 1508 proinde
1588 1409 1688 1482 fandi
1707 1434 1771 1483 co·

365 1535 464 1631 piam
483 1548 616 1630 petere.
638 1533 678 1604 Id
693 1532 777 1605 cltm
800 1514 1160 1629 nobissignifrcatum
1178 1536 1314 1621 fuisset,
1331 1534 1408 1604 etsi
1423 1529 1531 1629 aegre,
1548 1547 1707 1605 attamen
1722 1535 1770 1606 ita
1873 1619 1878 1634 .

365 1658 603 1729 sentientibus
622 1673 657 1728 et
673 1634 879 1730 volentibus
896 1657 1095 1757 plerisque,
1110 1659 1353 1731 concessimus
1373 1673 1414 1730 ut
1432 1659 1469 1728 in
1487 1657 1665 1757 oppidum
1679 1675 1714 1731 et
1732 1661 1769 1730 in

366 1783 563 1854 Ducarium
585 1782 741 1854 subinde
759 1796 925 1852 nostrum
946 1783 1078 1880 impius
1100 1785 1257 1854 nrrrrcius
1277 1783 1509 1856 introductus
1528 1783 1607 1855 luit.
1631 1789 1671 1854 ln
1693 1782 1773 1855 lraec

366 1907 474 1980 verba
498 1909 575 1979 sine
598 1909 669 1979 utta
702 1909 910 2006 prelatione
938 1911 1158 2007 prorumpit.
1184 1911 1251 1981 «Si
1271 1925 1307 1982 te
1319 1935 1361 1982 ac
1376 1909 1509 1982 insulas
1532 1909 1684 2007 locaque
1708 1926 1769 1982 tua

366 2033 803 2130 «Constantinopolitano
828 2034 1035 2130 imperatori
1060 2033 1196 2129 (immi)
1218 2035 1304 2106 verb
1323 2037 1400 2132 jam
1426 2036 1537 2107 totius
1555 2035 1642 2106 Asiae
1662 2051 1771 2132 atque

364 2188 381 2222 α
397 2157 500 2228 brevi
520 2159 631 2229 totius
653 2163 806 2257 Europae
821 2157 973 2231 domino
989 2161 1132 2258 futuro)
1153 2177 1283 2258 sponte
1295 2161 1469 2251 subieris,
1495 2163 1608 2260 ipsius
1621 2164 1770 2258 gratiam

365 2313 382 2346 c
400 2282 503 2354 lacile
519 2286 774 2380 promerueris.
791 2286 853 2357 Sin
861 2285 1021 2358 effeceris
1032 2313 1144 2376 secuS,
1159 2288 1271 2385 ipsius
1285 2287 1411 2360 odium
1431 2303 1465 2359 et
1484 2286 1770 2383 indignationem

366 2437 382 2474 a
400 2408 465 2480 tibi
475 2408 672 2482 denuncio.
690 2439 709 2477 n
731 2411 965 2508 Hisquaedam
980 2413 1050 2498 alia
1065 2415 1101 2484 in
1117 2413 1268 2484 eandem
1284 2411 1620 2485 fermdsententiam
1630 2411 1770 2500 subdit,

367 2531 476 2603 satus:
492 2533 556 2603 «Si
573 2547 606 2604 te
618 2517 961 2630 dedideris,integra
975 2537 1143 2634 salvaque
1157 2539 1279 2609 omnia
1293 2551 1354 2608 tua
1364 2536 1673 2633 erunt3ali0quin,
1683 2536 1772 2607 sire

367 2685 385 2720 a
402 2657 596 2741 cusaveris,
608 2657 729 2752 gratiae
748 2657 851 2729 locus
863 2658 984 2732 nullus
1002 2662 1196 2758 supererit3
1212 2663 1302 2758 quin
1318 2659 1433 2732 immi)
1449 2675 1483 2731 te
1496 2685 1538 2731 ac
1553 2684 1717 2747 uxorem,
1736 2673 1772 2729 et

367 2807 385 2845 r
401 2779 535 2851 liberos
556 2781 723 2877 civesque
737 2835 746 2870 ‚
762 2806 805 2856 ac
821 2783 984 2854 subditos
999 2809 1125 2856 omnes
1139 2784 1351 2882 propediem
1368 2781 1439 2854 unt
1457 2781 1770 2881 pessundabimus.

367 2933 384 2965 ιι
402 2903 653 2974 Adest‘classis
678 2905 946 3001 potentissima,
972 2908 1241 2979 robustissimus
1277 2887 1467 3004 victorque
1486 2906 1608 2995 miles3
1638 2906 1772 2978 adsunt

366 3044 625 3100 «armamenta
657 3031 779 3101 omnia
809 3033 1066 3129 expugnationi
1093 3032 1236 3104 idonea.
1260 3033 1312 3103 Ab
1344 3031 1611 3127 AEginensibus,
1642 3032 1770 3121 Pariis,

366 3167 510 3249 «atque
542 3152 619 3224 aliis
643 3152 838 3252 Cycladum
865 3155 995 3252 regulis
1018 3155 1222 3254 exemplum
1242 3173 1278 3227 et
1305 3155 1497 3228 consilium
1525 3180 1638 3228 sume.
1670 3161 1772 3227 Proc-

366 3308 382 3343 a
401 3276 496 3350 clara
506 3279 709 3350 estlortuna
724 3295 784 3350 tua
801 3281 838 3351 ni
853 3280 999 3380 desipis,
1013 3307 1097 3352 cum
1109 3281 1283 3354 exalienis
1298 3281 1400 3352 malis
1412 3279 1540 3369 valeas,
1558 3297 1623 3353 tuo
1634 3280 1770 3352 mederi

368 3432 386 3467 α
404 3403 509 3493 nolis,
522 3419 557 3474 et
571 3403 656 3475 crim
670 3403 776 3475 liceat
792 3429 866 3477 esse
876 3404 1065 3494 incolumi,
1075 3423 1205 3503 sponte
1221 3399 1434 3478 detrectes.»
1451 3407 1514 3477 His
1527 3405 1659 3478 auditis
1674 3429 1769 3476 nun·

367 3529 464 3600 cium
487 3527 723 3602 christianum
744 3529 931 3602 bominem
956 3529 1216 3628 aliquantisper
1235 3530 1403 3603 secedere
1431 3530 1702 3619 mandavimus,
1730 3545 1770 3601 ut

367 3653 512 3736 iuterim
540 3653 811 3726 consuleremus
829 3680 871 3725 ac
889 3653 1166 3726 decerneremus
1189 3655 1279 3752 quid
1297 3655 1392 3726 sacto
1413 3679 1506 3753 opus
1522 3669 1621 3726 esset.
1644 3659 1771 3751 ltaque

367 3801 411 3846 eo
422 3793 563 3864 amoto,
577 3777 699 3872 pavidi
712 3801 856 3866 omnes,
870 3793 906 3848 et
923 3801 1065 3849 merore
1082 3780 1161 3876 ipso
1178 3777 1271 3876 pene
1284 3778 1463 3865 conlecti,
1483 3777 1677 3854 consilium
1697 3777 1769 3848 iui-

368 3925 459 3986 mus,
471 3915 506 3972 et
522 3901 606 3972 clun
627 3926 701 3971 non
717 3927 832 3998 pauca
847 3904 884 3973 in
900 3917 1081 4000 utranque
1095 3879 1235 4002 partem
1255 3905 1421 3991 strictim,
1435 3919 1475 3975 ut
1489 3904 1582 3975 ratio
1597 3905 1770 4000 temporis

367 4023 515 4113 serebat,
530 4027 687 4122 exposita
702 4027 867 4116 luissent,
884 4027 968 4098 clun
983 4053 1051 4100 nec
1065 4053 1152 4126 opes
1164 4029 1209 4100 ad
1225 4029 1517 4127 repugnandum,
1534 4053 1603 4101 uec
1616 4029 1708 4099 vires
1722 4027 1769 4098 ad

368 4149 604 4222 resistendum
628 4165 729 4223 tanto
750 4151 865 4223 furori
890 4152 995 4224 nobis
1013 4169 1263 4252 suppeterent,
1289 4179 1357 4226 nec
1378 4157 1538 4226 vestrum
1556 4153 1686 4251 aliquis
1706 4153 1769 4248 (ut

365 4301 432 4374 par
452 4275 587 4373 suisset)
604 4275 795 4366 auxiliator
813 4278 1018 4382 accederet,
1041 4303 1108 4351 nec
1122 4279 1269 4351 aliunde
1287 4279 1524 4352 subsidiarius
1542 4279 1661 4368 miles,
1682 4278 1768 4350 sub·

366 4401 555 4474 sidiariave
576 4401 695 4474 classis
718 4420 976 4502 expectaretur,
998 4407 1118 4477 intuiti
1137 4408 1261 4477 omnia
1271 4406 1380 4504 plena
1402 4407 1542 4478 timoris
1555 4419 1591 4477 et
1610 4403 1768 4476 miseria·

367 4553 469 4615 rum,
497 4529 767 4625 cogitantesque
795 4555 861 4600 nos
890 4529 1116 4628 impendenti
1146 4530 1309 4629 periculo
1339 4529 1469 4629 praedic
1496 4553 1538 4601 ac
1562 4528 1670 4600 credis
1692 4531 1768 4624 jam

366 4651 563 4742 obnoxios,
578 4679 664 4726 cunr
686 4654 780 4725 inter
793 4679 920 4727 omnes
938 4655 986 4726 ita
1004 4656 1233 4744 constitisset,
1254 4657 1466 4727 necessitate
1479 4655 1594 4727 coacti
1607 4705 1616 4743 ,
1631 4654 1690 4725 cui
1705 4653 1769 4724 ad-

366 4779 497 4846 versari
516 4801 624 4847 nemo
638 4775 723 4848 sane
739 4793 875 4875 potest,
899 4781 1020 4875 rejam
1036 4779 1222 4874 desperata
1237 4793 1272 4849 et
1286 4777 1521 4866 conclamati,
1540 4776 1769 4856 conditiones

364 4897 512 4968 domum
537 4900 773 4996 perindignas'
787 4917 820 4971 et
842 4904 1050 4999 per-iniquas
1065 4903 1287 5000 accepimus,
1315 4903 1381 4972 rati
1404 4901 1515 4998 magis
1545 4897 1624 4976 dre
1642 4923 1685 4972 ac
1700 4925 1766 4971 usu

365 5022 562 5093 eluistiano
585 5049 659 5093 esse
681 5039 788 5120 atque
813 5026 992 5113 luturunr,
1013 5027 1040 5097 si
1057 5027 1223 5097 mortales
1239 5023 1337 5124 pene
1354 5022 1656 5110 innumerabileS,
1676 5047 1768 5120 quos

365 5145 496 5217 lrabeat
514 5162 635 5217 nostra
662 5149 777 5220 insula
798 5150 979 5220 clarorum
998 5149 1083 5220 oliui
1105 5151 1265 5220 virorum
1286 5149 1439 5244 ingeniis
1462 5163 1496 5221 et
1522 5149 1768 5218 monumentis
