3914 6046
401 616 447 684 e
624 591 995 682 rumnunntmts
1013 615 1094 680 sut
1114 616 1166 682 us
1184 595 1331 682 nourr
1349 614 1582 709 sanctiss.

400 761 477 822 rata
490 759 527 820 et
539 759 640 842 grato
658 742 787 822 habuit
801 769 862 822 m
877 746 1133 843 Majoricarum
1149 745 1336 846 predicnts
1354 769 1424 848 pro
1436 771 1487 840 re,
1506 749 1751 846 primogenito
1767 765 1810 823 er

400 868 597 944 heredibus
614 869 689 944 sois
707 867 895 968 predictis,
916 885 952 946 et
968 895 1007 944 se
1022 870 1194 946 daturum
1213 870 1351 945 litteras
1364 886 1615 972 competentes
1628 879 1738 973 super
1756 874 1808 947 eis

399 994 567 1094 promisit
583 994 622 1070 in
641 1011 776 1069 eventu
791 993 1077 1094 dspmsonir
1092 995 1268 1094 predicte.

450 1150 469 1184 α
485 1121 666 1193 Promissis
681 1121 828 1220 insuper
843 1120 1000 1196 recitatis
1013 1121 1182 1221 expositis
1193 1119 1290 1196 dicte
1303 1121 1467 1212 domine,
1482 1123 1667 1197 cooseout
1678 1122 1806 1197 erdem

401 1244 555 1322 domins
568 1244 689 1345 qubd,
708 1247 747 1322 iu
768 1261 905 1324 euentu
918 1245 1016 1324 dicte
1029 1246 1315 1346 dispensacioois
1332 1262 1369 1322 et
1388 1271 1465 1322 nou
1481 1245 1599 1340 aliter,
1618 1249 1809 1348 completis

401 1386 562 1471 experte
575 1370 666 1468 tegis
678 1372 935 1469 Majoricarum
947 1371 1130 1472 predictis,
1150 1372 1253 1471 quod
1267 1375 1345 1473 ipsu
1357 1397 1468 1474 snper
1484 1374 1668 1474 premissis
1680 1373 1809 1448 volon-

402 1509 517 1572 roem
535 1495 627 1572 disti
643 1495 789 1572 domiui
799 1497 891 1595 regis
906 1499 1065 1572 liraucie·
1076 1497 1183 1572 saciet
1200 1512 1237 1570 ct
1253 1495 1453 1598 compidrit
1465 1498 1515 1572 ad
1530 1497 1808 1573 ordinacionem

407 1619 586 1717 eiusdem.

451 1773 469 1810 α
486 1748 566 1834 Quc
587 1743 775 1844 respondit
793 1743 891 1820 dicta
906 1743 1080 1836 domina,
1095 1744 1324 1846 presentibus
1338 1760 1374 1819 et
1392 1745 1684 1846 approbantibus
1700 1743 1801 1820 dicto

401 1866 557 1944 domino
584 1870 658 1968 rogi
685 1871 839 1944 Fruucie
863 1887 900 1946 et
926 1868 1079 1946 domini
1099 1869 1263 1962 tomus,
1288 1873 1354 1944 Dei
1381 1872 1495 1970 gratis
1522 1875 1746 1948 Francorum
1768 1885 1807 1944 et

401 1997 557 2068 Narone
586 1995 710 2091 regini
722 2047 738 2084 ,.
754 1993 909 2070 domiuo
930 1994 1091 2082 bobeno
1114 1994 1210 2068 duce
1230 1995 1458 2091 burgundie,
1489 1994 1650 2070 Roberto
1672 1995 1809 2070 comite

401 2117 639 2210 Atrebatcusi,
658 2117 808 2194 illustris
822 2117 967 2194 domini
987 2119 1080 2216 rugis
1093 2123 1317 2194 Francorum
1340 2118 1418 2194 fitia
1432 2133 1470 2194 et
1483 2119 1626 2194 ducissi
1643 2125 1808 2217 Burgun-

400 2239 472 2332 dio,
486 2241 716 2341 presentibus
725 2243 834 2318 etiam
845 2243 1051 2321 reverendis
1059 2241 1225 2343 patribus
1235 2243 1388 2318 domino
1400 2243 1524 2340 Egidio
1533 2220 1808 2344 archiepiscopo

402 2365 648 2458 Narbonensi,
668 2366 822 2442 domino
841 2372 884 2440 P.
904 2368 1076 2467 episcopo
1089 2366 1316 2457 Thoiosano,
1339 2367 1492 2440 domino
1510 2372 1555 2440 G.
1578 2367 1809 2442 ambianensi

402 2491 589 2591 episcopo.

451 2621 600 2688 senno
615 2615 766 2690 osuini
790 2615 904 2715 1-298,
926 2615 986 2690 die
1007 2615 1094 2690 lune
1114 2615 1350 2716 postiesmm
1370 2615 1470 2692 beati
1484 2614 1688 2705 Vincentii,
1709 2613 1808 2688 dieta

401 2740 555 2814 motus
566 2741 694 2837 raginit
709 2755 746 2817 et
763 2738 907 2816 ducisse
924 2740 1215 2842 approbantibus
1234 2739 1419 2842 prodicta,
1439 2739 1655 2818 munds
1671 2739 1809 2815 dictum

401 2867 675 2968 imperatricem
691 2864 781 2959 hec,
797 2880 835 2941 et
851 2889 895 2941 ea
910 2867 1102 2944 audiendo
1116 2881 1154 2942 et
1169 2891 1245 2940 non
1262 2865 1570 2959 contradicendo,
1591 2867 1685 2942 siotn
1702 2864 1811 2940 uobis

402 2988 631 3091 presentibus
650 2990 772 3064 visum
787 2991 873 3082 ibin
888 2990 993 3066 aliter
1007 3007 1134 3066 tamen
1143 2992 1233 3066 certi
1249 3016 1326 3065 non
1339 3015 1466 3072 snmus
1481 2991 1528 3066 de
1545 2989 1811 3093 approbatione

401 3136 540 3190 sorum.
576 3114 674 3190 Dicti
698 3113 842 3192 domiui
866 3116 1028 3190 Narbon.
1060 3115 1213 3191 tholos..
1240 3115 1491 3190 Ambiuuensis
1518 3112 1691 3192 articulos
1723 3116 1810 3190 istm

402 3237 524 3316 erudi
536 3241 702 3315 iecerunt
713 3256 752 3316 et
764 3242 1011 3338 signaverunt.
1025 3271 1046 3310 s

449 3369 498 3440 ce
515 3367 675 3462 mariage
691 3366 792 3440 n’eut
807 3367 936 3464 jamnis
955 3367 1226 3458 d’antresuite,
1241 3368 1399 3466 scitque
1417 3366 1561 3440 i’insant
1578 3369 1642 3439 etit
1658 3363 1721 3438 des
1734 3365 1812 3438 iors

400 3491 477 3589 pris
490 3516 560 3564 son
577 3492 674 3591 pacti
694 3490 855 3564 d’eotrer
871 3517 1016 3566 comme
1036 3493 1159 3564 moine
1177 3491 1273 3564 dans
1292 3489 1428 3564 l'ordre
1441 3491 1488 3564 de
1501 3491 1809 3586 saint-Francois,

400 3616 493 3690 ainsi
513 3613 604 3712 qu’il
624 3643 647 3714 y
669 3631 770 3690 entra
794 3642 840 3690 eu
863 3617 964 3708 effet,
984 3619 1055 3690 soit
1072 3617 1196 3714 quelo
1216 3618 1271 3690 roi
1293 3617 1340 3690 de
1361 3621 1496 3690 rranoe
1516 3613 1810 3713 Philippicis-Bel

400 3739 452 3835 s’y
471 3739 528 3809 bit
542 3739 697 3838 oppose,
716 3764 825 3837 parce
839 3739 928 3836 qu'ii
948 3740 1089 3814 toulait
1109 3741 1145 3814 la
1164 3740 1255 3812 isira
1268 3738 1422 3837 ipouser
1439 3738 1460 3811 i
1477 3763 1549 3811 son·
1563 3762 1699 3838 propre
1718 3733 1812 3810 irinc

400 3861 608 3936 Cbarlesde
619 3863 759 3954 valois,
774 3862 808 3936 le
822 3864 1119 3960 memequavait
1133 3860 1287 3954 ecbouc‘,
1300 3887 1347 3936 en
1368 3860 1472 3956 1285,
1486 3862 1647 3940 daosses
1661 3861 1810 3965 priten-

401 3986 499 4060 tions
520 4009 583 4058 sur
605 3986 641 4058 iu
661 4009 851 4059 ecmonus
870 3984 1050 4083 d'Aragon
1066 3987 1098 4076 ¹,
1117 4001 1155 4058 et
1177 3988 1242 4085 qui
1262 3983 1365 4086 aptis
1390 3988 1494 4060 avoir
1518 3986 1661 4061 obtenu
1681 3985 1738 4062 dtr
1754 3985 1811 4060 roi

402 4109 580 4207 d‘bragon
605 4111 641 4184 is
663 4111 802 4184 oesnn
827 4109 876 4186 de
896 4110 934 4186 la
953 4109 1065 4186 Siciie·
1080 4109 1156 4186 s'sn
1180 4110 1270 4184 erait
1288 4137 1338 4186 vu
1364 4111 1562 4212 deponere
1588 4137 1656 4212 pas
1682 4109 1812 4184 urere·

403 4238 474 4329 ric,
492 4233 583 4310 inire
596 4235 648 4310 tiu
661 4237 717 4309 roi
732 4236 911 4333 d'bragon
921 4235 952 4310 ¹.
969 4235 1115 4310 Charlcs
1129 4237 1177 4312 de
1191 4237 1313 4312 Valois
1329 4238 1479 4337 espirait
1495 4263 1533 4310 se
1551 4235 1810 4334 dedommager

402 4359 449 4434 de
467 4376 549 4434 tous
564 4386 624 4434 ces
649 4385 840 4458 royaumes
859 4362 994 4460 perdes
1017 4386 1086 4462 par
1101 4362 1139 4436 la
1157 4365 1340 4462 conquire
1354 4363 1401 4440 de
1413 4363 1726 4462 Constantinople,
1742 4363 1808 4460 qui

402 4485 525 4562 devait
541 4486 594 4562 lui
611 4489 688 4560 titre
705 4487 787 4586 plus
797 4487 975 4584 giorieuse
989 4513 1134 4578 encore,
1148 4488 1220 4561 etil
1233 4487 1364 4586 brigita
1375 4488 1411 4566 la
1423 4490 1522 4562 main
1536 4487 1583 4562 de
1594 4487 1809 4578 Cstberine3

404 4613 496 4686 mais
511 4611 547 4686 le
559 4637 653 4713 pepe
668 4637 716 4686 ue
727 4613 857 4686 vetunt
874 4613 1062 4688 consentir
1076 4611 1099 4686 i
1115 4627 1209 4688 cette
1226 4613 1379 4688 aliinnce
1392 4612 1559 4714 qu’aprtis
1575 4613 1611 4688 la
1622 4639 1809 4713 promerse

402 4735 490 4810 faite
507 4763 574 4836 par
588 4737 736 4812 Charles
754 4737 801 4811 de
817 4737 935 4812 Valois
945 4737 992 4811 de
1009 4753 1128 4812 tenter
1143 4762 1216 4811 une
1231 4736 1380 4812 stxiene
1398 4737 1606 4838 expedition
1626 4753 1755 4812 contre
1772 4737 1808 4810 le

403 4859 511 4935 Sirile
524 4878 634 4936 avant
649 4861 695 4936 de
714 4863 893 4963 procider
909 4862 931 4938 i
945 4863 1036 4938 celle
1058 4862 1104 4936 de
1123 4863 1437 4964 Constantinopie.
1460 4870 1511 4938 Lo
1528 4863 1627 4938 bulle
1642 4864 1694 4936 du
1713 4887 1810 4964 pope

403 4986 468 5084 qui
486 4987 655 5059 contient
668 5003 761 5060 cette
774 4988 940 5087 dispenso
955 5004 1007 5062 est
1020 4986 1123 5063 dates
1140 4988 1186 5062 de
1203 4994 1333 5061 Latran
1349 5015 1397 5062 au
1413 4989 1506 5062 nnis
1519 4988 1565 5062 de
1576 4986 1712 5061 sevrier
1723 4985 1809 5060 an6

436 5183 670 5246 monstremur
685 5185 794 5236 d‘tsctot
812 5191 838 5236 ct
859 5175 1002 5237 brunner}
1101 5189 1107 5244 Ι
1154 5186 1265 5248 'votes
1276 5189 1426 5246 Muuttoer,
1445 5183 1543 5236 inritet
1561 5187 1619 5234 t2ts
1633 5187 1660 5236 et
1673 5188 1741 5236 1296.
